3168 5028
575 532 614 580 ΙΝ
621 531 886 582 TRODUC'l'lON.
1126 535 1226 581 XXXV

273 693 374 758 From
393 693 462 758 this
481 692 512 757 it
530 691 651 758 should
671 712 765 758 seem
785 691 861 756 that
881 692 977 757 these
1001 700 1118 776 grants
1140 713 1227 758 were

228 796 328 860 made
351 802 388 860 to
412 795 505 861 three
524 795 611 861 lives
630 795 667 858 in
685 795 896 872 successim,
915 795 1001 860 each
1023 795 1062 859 ol
1078 796 1135 861 the
1155 796 1232 860 first

227 904 297 962 two
317 898 420 980 being
441 907 479 963 at
497 897 622 980 liberty
636 904 673 962 tc
686 897 784 962 leave
800 897 828 961 it
843 915 883 960 as
898 916 943 960 an
965 896 1173 962 inheritauce
1191 906 1228 962 to

229 1019 295 1064 one
308 1018 450 1083 person;
473 999 541 1064 and
554 1018 604 1064 we
619 1018 685 1065 can
700 998 864 1065 therefore
878 999 1007 1081 readily
1018 997 1228 1065 understand

230 1099 287 1165 the
315 1100 516 1165 accusation
544 1099 655 1164 under
682 1099 794 1165 which
824 1098 966 1164 Oswald
999 1098 1163 1164 laboured
1193 1099 1234 1162 of

228 1201 356 1285 having
380 1202 591 1286 dilapidated
611 1203 669 1268 the
692 1221 858 1268 revenues
883 1200 923 1265 of
937 1201 992 1266 his
1013 1199 1148 1266 chureh.
1193 1199 1228 1265 It

228 1323 301 1367 was
315 1304 483 1387 probably
499 1303 555 1368 the
575 1303 847 1368 dissatisfaction
868 1302 995 1368 caused
1014 1304 1057 1386 by
1080 1302 1134 1365 his
1151 1322 1227 1385 pro-

229 1405 388 1486 ceedings
403 1405 480 1468 that
493 1404 637 1470 induced
652 1405 722 1467 him
737 1410 774 1468 to
789 1403 872 1468 send
889 1423 910 1468 a
927 1404 1090 1469 laboured
1100 1403 1227 1487 justili-

229 1505 346 1568 cadon
353 1504 393 1567 of
396 1504 536 1570 himself
540 1513 576 1571 to
586 1504 679 1586 King
691 1503 845 1587 Eddgdr3
862 1504 1025 1570 fromthis
1035 1506 1227 1583 document,

229 1604 426 1670 invaluable
448 1605 502 1670 for
526 1606 618 1671 what
638 1607 666 1670 it
686 1606 825 1672 teaches
847 1626 900 1685 us,
922 1607 941 1670 I
964 1615 1097 1672 extract
1119 1629 1141 1672 a
1161 1608 1228 1672 few

229 1705 334 1772 lines:

287 1907 404 1988 Quare
432 1913 604 1994 quomodo
632 1912 720 1976 fidos
749 1913 831 1977 mihi
859 1911 1016 1977 subditos
1049 1910 1227 1976 telluribus

230 2032 320 2095 quae
339 2033 435 2078 meae
451 2015 600 2079 traditae
615 2022 696 2079 sunt
709 2015 886 2098 potestati,
900 2033 962 2096 per
976 2012 1127 2095 spatium
1143 2022 1228 2079 tem-

218 2114 321 2195 ·poris
343 2116 443 2179 trium
462 2115 647 2192 homiuum,
665 2116 701 2180 id
722 2123 777 2182 est
796 2116 939 2182 duorum
958 2121 1039 2198 post
1052 2134 1090 2179 se
1109 2115 1228 2179 haere·

230 2215 321 2291 dum,
350 2216 587 2296 condonarem,
617 2218 749 2301 placuit
782 2226 853 2282 tam
887 2217 978 2294 mihi,
1008 2235 1112 2298 quam
1141 2217 1227 2299 ipsis

228 2315 421 2382 fautoribus
444 2327 479 2383 et
506 2320 712 2384 consiliariis
741 2319 836 2396 meis,
865 2326 920 2382 etc
923 2360 1007 2381 .....
1015 2318 1093 2380 Hoc
1124 2324 1227 2400 pacto

229 2416 280 2480 eis
295 2425 403 2481 terras
416 2426 558 2483 sauctae
574 2420 764 2485 aecclesiae
778 2421 842 2485 sub
857 2439 911 2482 me
926 2426 1042 2482 tenere
1056 2420 1226 2500 concessi3

229 2515 294 2579 hoc
320 2525 386 2595 est,
410 2526 449 2582 ut
474 2519 585 2583 omnis
609 2521 786 2604 equitandi
808 2520 867 2582 lex
891 2519 935 2582 ab
960 2519 1009 2582 eis
1035 2518 1228 2601 impleatur,

229 2637 318 2700 quae
338 2619 383 2684 ad
403 2621 535 2702 equites
553 2622 720 2704 pertinet3
749 2628 785 2686 et
804 2628 844 2685 ut
862 2620 1007 2703 pleniter
1029 2621 1228 2703 persoluant

229 2721 342 2786 omnia
358 2741 447 2803 quae
463 2722 577 2786 adius
593 2723 702 2806 ipsius
723 2723 890 2786 ecelesiae
903 2722 993 2785 iuste
1009 2729 1205 2805 competunt
1218 2746 1227 2805 ;
1316 2797 1321 2806 1

229 2823 361 2889 scilicet
379 2843 422 2888 ea
442 2844 532 2908 quae
547 2824 691 2906 Anglice
717 2825 875 2889 dicuntur
894 2822 1144 2905 ciricsceatte-1
1165 2825 1226 2889 toll

227 2949 246 3006 Ἰ
275 2929 363 3003 tace,
389 2925 413 2988 i.
430 2945 460 2989 e.
484 2925 697 2991 swinsceade
725 2932 760 2990 et
785 2932 922 2991 caetera
947 2924 1025 2990 iura
1050 2925 1228 3002 eeclesiae,

228 3027 296 3090 nisi
317 3027 500 3110 episcopus
515 3027 598 3109 quid
614 3027 717 3092 alicui
731 3046 848 3091 eorum
866 3027 1054 3110 perdonare
1068 3026 1228 3105 uoluerit,

228 3147 385 3211 seseque,
406 3128 570 3210 quamdiu
590 3129 686 3211 ipsas
709 3136 817 3192 terras
843 3133 971 3205 tenent,
992 3128 1029 3192 in
1055 3128 1227 3192 mandatis

229 3230 400 3312 pontificis
423 3229 594 3295 humiliter
615 3249 692 3296 cum
714 3230 806 3295 omni
831 3229 1043 3296 subiectione
1066 3249 1227 3312 perseue-

227 3349 313 3407 rare,
329 3331 433 3394 etiam
446 3331 664 3395 iureiurando
678 3331 855 3396 affirment.
901 3332 1011 3416 Super
1020 3331 1105 3395 haec
1121 3331 1227 3396 etiam

229 3430 274 3496 ad
289 3432 400 3496 omnis
414 3431 603 3496 industriae
617 3433 772 3515 episcopi
786 3433 1010 3515 indigentiam
1023 3434 1226 3515 semetipsos

229 3540 345 3615 presto
368 3533 579 3616 impendant,
596 3553 704 3617 equos
725 3541 911 3618 praestent,
928 3535 997 3618 ipsi
1013 3535 1178 3617 equitent,
1192 3542 1229 3599 et·

229 3633 274 3698 ad
298 3640 407 3698 totum
427 3636 655 3718 piramiticum
681 3656 768 3718 opus
791 3637 959 3722 ecelesiae
981 3635 1099 3711 caleis,
1123 3641 1227 3717 atque

222 3736 274 3820 ‚ad
292 3738 408 3819 pontis
430 3738 623 3802 aedificium
643 3739 732 3802 ultro
752 3738 972 3804 inueniantur
990 3736 1115 3819 parati.
1158 3735 1227 3800 Sed

229 3845 266 3902 et
296 3839 491 3902 uenationis
523 3859 639 3922 sepem
668 3839 796 3904 domini
824 3838 981 3921 episcopi
1009 3837 1154 3902 ultronei
1182 3838 1226 3902 ad

229 3938 477 4004 aedificandum
506 3939 764 4022 repperiantur;
793 3957 924 4021 suaque
952 3936 1227 4020 quandocunque

230 4040 366 4105 domino
386 4041 548 4124 episcopo
568 4041 719 4119 libuerit,
739 4040 912 4104 uenabula
932 4039 1104 4104 destinent
1122 4057 1227 4103 uena-

229 4148 323 4222 tum3
344 4141 485 4224 insuper
505 4142 548 4207 ad
566 4142 694 4207 multas
715 4140 923 4223 indigentiae
944 4158 1080 4216 causas,
1101 4139 1228 4221 quibus

229 4261 319 4325 opus
345 4249 400 4308 est
428 4242 566 4308 domino
595 4243 743 4308 antistiti
769 4262 874 4325 saepe
904 4242 1056 4320 frunisci,
1083 4241 1157 4306 siue
1183 4240 1228 4306 ad

906 4361 929 4407 u
946 4344 969 4408 2
