3188 5032
320 418 364 483 48
579 434 751 483 canorus
774 431 1115 482 Anonosnxonrcnn.

348 629 352 639 ·
378 590 500 673 »14Εςο
515 589 732 654 Suebeardus
747 591 883 672 signum
900 592 1010 655 crucis
1031 611 1139 655 manu
1154 590 1296 674 propria
1317 590 1377 654 de-

322 693 432 776 pinxi.
495 691 700 773 »1481311111
726 685 965 773 Sebbiregis¹
1031 694 1070 773 »14
1095 693 1172 774 Ego
1198 691 1376 757 Adrianus
1413 681 1417 688 ’

323 794 430 858 abbas
439 793 598 857 consensi
612 800 647 857 et
658 793 857 874 subscripsi.
886 792 924 874 »14
942 792 1087 875 Signum
1105 794 1217 858 crucis
1234 792 1375 856 Hudue.

329 897 367 976 »14
384 893 529 975 Signum
545 892 768 957 Ealbuuardi.
820 893 858 975 »14
881 892 1026 975 Signum
1042 893 1189 976 Sigheri.
1240 893 1278 975 »14
1298 893 1377 974 Sig-

324 1015 407 1059 num
421 993 566 1058 Haecci.

374 1095 573 1159 Donatione
586 1114 669 1159 uero
684 1092 869 1158 Uuibtredi
884 1094 977 1176 regis
991 1094 1083 1159 infra
1098 1102 1297 1159 cernuntur.

379 1195 569 1277 »1481311111
579 1193 762 1260 Uuibtredi
777 1194 881 1276 regis.
903 1196 941 1275 »14
959 1194 1036 1277 Ego
1049 1194 1275 1260 Gebmundus
1287 1195 1376 1278 epis-

324 1315 431 1380 eopus
455 1297 673 1360 consentiens
697 1294 896 1377 subscripsi.
961 1297 999 1376 »14
1021 1296 1098 1378 Ego
1122 1295 1377 1360 Berhtunaldus

324 1398 431 1463 abbas
447 1397 636 1479 subscripsi
651 1403 686 1460 et
700 1396 870 1460 consensi.
911 1397 950 1476 »14
967 1395 1112 1478 Signum
1129 1396 1376 1461 Beornbeardi.

330 1498 532 1581 »1481311111
557 1496 701 1561 Haecci.
750 1497 788 1576 »14
808 1496 954 1578 Signum
979 1495 1124 1562 Iseardi.
1176 1499 1215 1578 »14
1232 1497 1377 1580 Signum

325 1598 549 1664 Ealbuuardi.

376 1699 574 1764 Donatione
589 1705 624 1762 et
637 1698 831 1763 firmatione
844 1699 1045 1766 Aetbelredi
1060 1699 1163 1781 regis.

381 1801 420 1880 »14
437 1799 582 1881 Signum
596 1796 796 1863 Aethelredi
811 1802 915 1883 regis.
957 1802 996 1881 »14
1014 1800 1091 1882 Ego
1106 1798 1272 1864 Saxulfus
1287 1798 1376 1880 epis-

197 645 228 704 0

327 1919 434 1983 copus
456 1900 615 1964 consensi
643 1908 678 1965 et
702 1902 901 1984 subscripsi.
959 1903 997 1982 »14
1017 1901 1162 1984 Signum
1180 1898 1376 1964 Aeduualdi

325 2001 501 2085 principis.
544 2002 583 2081 »14
600 1998 744 2082 Signum
763 2001 940 2067 Haldhere
957 2002 1134 2085 principis.
1177 2003 1215 2082 »14
1233 2001 1377 2081 Signum

327 2101 467 2166 Aelrici.
506 2103 545 2182 »14
562 2100 708 2183 Signum
724 2101 805 2166 Cilli
819 2103 995 2187 principis.
1039 2104 1077 2183 »14
1098 2102 1245 2183 Signum
1257 2100 1378 2164 Teoda

326 2203 502 2286 principis
541 2201 740 2284 »1481811111
756 2204 924 2269 Etencan.
958 2205 996 2284 »14
1014 2203 1091 2285 Ego
1102 2202 1255 2268 Haddan
1269 2202 1376 2265 abbas

326 2303 489 2385 indignus
503 2303 603 2366 testis
617 2305 835 2369 consentiens
850 2303 1048 2387 subscripsi.
1106 2306 1144 2385 »14
1163 2303 1239 2385 Ego
1255 2302 1377 2367 Helm·

326 2404 443 2469 nulfus
470 2404 630 2468 consensi
643 2419 678 2469 et
693 2406 892 2490 subscripsi.

802 2683 908 2750 XLI.

456 2863 739 2933 *WIHTRED
765 2863 829 2928 OF
854 2862 1006 2942 ΚΕΝΤ,
1026 2861 1162 2945 March,
1177 2864 1254 2931 696.

379 3018 590 3081 Brnrncns
615 3015 670 3079 dei
697 3022 733 3079 et
754 3014 884 3078 domini
909 3014 1019 3078 nostri
1035 3013 1118 3079 Iesu
1134 3014 1263 3079 Christi
1279 3015 1378 3079 nobis

328 3118 463 3182 collatis
481 3137 551 3181 non
567 3117 794 3192 immemores,
815 3134 880 3197 ego
896 3114 1109 3179 Uuihtredus
1131 3135 1195 3179 rex
1218 3114 1379 3193 Canciae,

327 3226 363 3283 et
373 3218 500 3282 coniux
509 3237 586 3281 mea
600 3215 849 3298 Aetbelbnrga,
858 3235 922 3298 pro
931 3215 1082 3279 remedio
1097 3216 1289 3280 animarum
1298 3235 1378 3281 nos-

225 3309 226 3314 *
328 3326 471 3394 tranum,
486 3318 580 3382 beati
600 3317 697 3382 Petri
712 3317 948 3399 apostolorum
971 3316 1136 3399 principis
1155 3317 1378 3395 monasterio,

328 3419 420 3503 quod
432 3419 599 3483 situmest
610 3419 645 3481 in
655 3418 853 3482 suburbano
868 3417 969 3480 buius
986 3416 1199 3481 Dorouernis
1215 3419 1378 3496 ciuitatis,

327 3521 448 3603 inquo
467 3538 626 3602 praeesse
641 3518 832 3582 dinoscitur
845 3515 1022 3580 Adrianus
1038 3518 1145 3581 abbas
1167 3517 1234 3583 huc
1254 3520 1378 3582 missus

329 3623 372 3685 ab
393 3620 585 3703 apostolica
607 3619 698 3696 sede,
722 3620 863 3700 eiusque
877 3617 1029 3682 familiae
1048 3638 1137 3701 quae
1160 3639 1252 3683 nunc
1274 3627 1379 3703 atque

328 3721 445 3786 futura
460 3728 525 3798 est,
540 3727 667 3783 terram
677 3719 762 3782 iuris
777 3719 887 3782 nostri
900 3719 1052 3801 quinque
1068 3727 1274 3798 aratrorum,
1291 3739 1380 3804 quae

329 3823 524 3905 appellatur
545 3820 772 3896 Littelburne,
796 3838 874 3882 cum
897 3821 1056 3883 omnibus
1073 3820 1117 3883 ad
1142 3839 1181 3884 se
1204 3822 1378 3904 pertinen-

329 3923 433 4000 tibus,
448 3941 469 3985 a
483 3921 658 4004 praesenti
673 3920 728 3984 die
743 3928 778 3985 et
793 3929 957 4002 tempore,
973 3939 995 3984 a
1009 3927 1130 3984 nostra
1144 3921 1378 3986 iurisdictione

327 4022 573 4086 transferentes
580 4022 783 4105 inperpetuo
793 4020 960 4084 tradimus
969 4021 1223 4103 possidendam,
1235 4031 1270 4088 et
1283 4024 1378 4106 quic·

329 4123 411 4205 quid
431 4123 555 4187 exinde
574 4122 687 4187 facere
710 4121 890 4186 uolueritis
913 4122 1022 4185 uestri
1041 4123 1107 4187 erit
1129 4123 1274 4202 arbitrii,
1296 4143 1377 4187 con·

751 4271 758 4300 ¹
772 4273 828 4322 MS.
841 4272 962 4334 episcopi.
