3188 5032
488 448 660 495 curnula
683 447 1033 498 Aucuosnxourcin,
1216 432 1280 500 113

680 699 823 764 xciv.

360 813 391 893 ‘*
416 847 693 913 ourflnnno
722 847 786 912 os
814 847 1031 925 wassax,
1054 850 1130 914 745.

267 1000 307 1080 ›1‹
322 999 399 1061 Eco
414 997 608 1061 Cuthredus
624 1018 686 1062 rex
703 997 945 1076 Geuuisorum,
960 1006 1105 1078 cogente
1120 1000 1281 1064 caritatis.

224 1099 372 1162 cathena
391 1097 532 1174 Christi,
547 1105 582 1162 et
596 1098 814 1182 indiuisibilis
830 1098 955 1162 affectu
968 1098 1173 1176 dilectionis
1190 1095 1276 1164 Ald-

223 1197 335 1262 helmo
357 1198 475 1278 abbati
497 1197 714 1282 familiaeque
743 1199 806 1262 sub
835 1198 927 1262 illius
955 1197 1130 1280 regiminis
1160 1218 1275 1264 amore

223 1297 373 1380 degenti,
388 1318 465 1361 curn
481 1316 651 1362 consensu
674 1307 778 1382 atque
800 1299 1012 1362 conscientia
1038 1299 1155 1362 eximii
1175 1319 1276 1382 prae-

223 1398 307 1462 sulis
333 1398 490 1462 Danielis
513 1399 785 1482 optimatumque
808 1418 966 1464 meorum
990 1417 1031 1461 ac
1054 1398 1274 1482 dignitatum,

184 1507 187 1516 ’
220 1499 264 1562 ob
293 1497 564 1563 recordationem
591 1499 724 1563 scilicet
751 1499 946 1562 orationum
971 1517 1123 1576 suarum,
1152 1499 1188 1561 in
1221 1520 1275 1564 re-

221 1599 452 1682 demptionem
467 1599 603 1663 animae
618 1619 730 1676 meae,
747 1607 786 1663 ut
806 1599 843 1662 in
858 1599 1071 1681 plenitudine
1088 1599 1273 1664 electorum

221 1698 277 1762 dei
304 1701 492 1764 collocatus
523 1701 599 1777 sim,
633 1708 745 1765 terrae
774 1706 908 1782 partem
935 1699 973 1761 in
999 1699 1280 1768 inextricabilem.

222 1799 474 1881 possessionem
494 1799 529 1862 in
550 1800 625 1864 loco
646 1801 705 1882 qui
728 1800 854 1864 dicitur
870 1799 1047 1876 Uudetun,
1072 1801 1136 1862 sub
1156 1800 1278 1868 decem.

221 1901 438 1964 mansionum
471 1899 687 1964 estimatione
723 1907 893 1976 taxatam,
925 1901 988 1963 sub
1022 1901 1273 1965 contestatione

221 2008 363 2064 sanctae
377 1998 572 2076 Trinitatis
588 1999 717 2083 dapsili.
727 2001 864 2082 quidem
885 2000 1044 2064 libertate
1065 2007 1100 2063 et
1119 2000 1274 2064 hilariter

222 2101 273 2162 ad.
295 2100 524 2164 Maldunense
551 2100 797 2164 monasterium
826 2101 973 2182 largitus
1010 2119 1097 2164 sum.
1163 2101 1271 2183 Spero

221 2208 336 2264 autem
358 2200 449 2264 felici
471 2199 631 2264 uidelicet
649 2208 814 2277 mercatu,
828 2201 996 2264 tradendo
1018 2202 1222 2283 temporalia
1236 2209 1271 2266 et

220 2319 309 2382 quae
331 2301 505 2377 uidentur,
520 2319 562 2365 ea
584 2300 767 2365 dumtaxat
789 2319 878 2382 quae
897 2320 967 2363 non
988 2300 1149 2368 uidentur
1165 2309 1270 2384 atque

219 2399 390 2465 indefecta
425 2400 665 2484 perhennitate
703 2419 928 2482 permansura
966 2419 1020 2463 me
1056 2401 1274 2483 adepturum,

219 2499 272 2565 Sit
286 2508 401 2565 antem
415 2500 784 2586 praedicta-possessio
805 2499 914 2582 ipsius
933 2500 1133 2564 monasterii
1151 2501 1271 2564 usibus

220 2601 417 2684 mancipata
438 2601 600 2684 deinceps
626 2600 821 2665 incessabili
844 2600 1004 2681 iugitate.
1053 2599 1091 2662 Si
1111 2601 1188 2683 quis
1206 2602 1273 2663 hu-

220 2703 274 2765 ius
298 2699 491 2784 largitionis
516 2719 613 2765 meae
638 2701 762 2784 stipem
784 2701 968 2785 tyrannica
990 2699 1098 2763 fretus
1117 2697 1272 2776 insolen-

221 2802 282 2878 tia,
297 2802 451 2884 qualibet
472 2801 663 2878 occasione,
681 2801 929 2883 interrumpere
950 2808 1054 2884 atque
1076 2800 1112 2863 in
1134 2801 1269 2865 irritum

220 2902 385 2967 deducere
412 2903 508 2966 nisus
532 2902 656 2981 fuerit;
680 2901 727 2982 sit
750 2921 774 2965 a
796 2901 970 2964 consortio
995 2901 1130 2983 piorum
1154 2901 1269 2982 ultimi

218 3002 410 3066 uentilabro
426 3003 596 3066 examinis
611 3008 859 3084 sequestratus,
871 3001 1115 3083 rapaciumque
1124 3003 1269 3084 collegio

219 3104 433 3167 combinatus
447 3102 633 3167 uiolentiae
650 3121 733 3166 suae
752 3121 882 3184 poenas
904 3102 989 3165 luat.
1042 3101 1079 3165 si
1093 3103 1170 3183 quis
1184 3122 1268 3167 uero

218 3203 378 3268 beniuola
405 3204 597 3268 intentione
625 3203 742 3286 potius
770 3201 947 3283 praeditus
978 3201 1043 3264 hoc
1065 3201 1272 3270 donatiuum

218 3302 394 3387 ampliare
405 3304 563 3380 uoluerit,
583 3303 701 3367 uideat
720 3320 829 3366 ouans
848 3303 939 3365 bona
957 3300 1087 3365 domini
1106 3322 1183 3366 cum
1204 3322 1269 3366 an-

217 3404 372 3487 gelorum
387 3402 591 3485 agminibus.
638 3402 833 3485 “Exemplar
853 3402 952 3465 huius
974 3401 1167 3482 largitionis
1186 3423 1269 3485 pro-

216 3505 407 3586 mulgatum
431 3510 485 3572 est
506 3522 598 3567 anno
621 3505 665 3568 ab
688 3501 924 3567 incarnatione
951 3500 1083 3564 Christi
1107 3519 1265 3569 cccxcv·

213 3605 250 3667 in
275 3605 452 3687 praedicto
475 3604 639 3668 coenobio
668 3604 732 3666 sub
756 3602 953 3684 praesentia
979 3600 1144 3665 Cuthredi
1172 3601 1267 3683 regis

215 3701 489 3788 quod'prdp'riae
514 3702 637 3768 manus
659 3703 896 3766 munificentia
913 3702 1035 3766 uotiua
1051 3717 1137 3766 uero
1158 3701 1264 3766 deuo-

215 3801 310 3868 tione
328 3804 453 3869 altario
471 3823 570 3868 sacro
595 3802 871 3869 commendauit'
921 3801 969 3869 Et
988 3801 1052 3864 hoc
1077 3808 1193 3864 actum
1212 3811 1268 3872 est

214 3901 281 3968 hiis
307 3905 531 3987 optimatibus
555 3912 590 3968 et
612 3904 838 3985 dignitatibus
860 3901 1152 3966 consentientibus
1179 3922 1268 3985 quo-

214 4023 290 4082 rum
316 4005 459 4069 inferius
488 4005 632 4070 ¹nomina
664 4003 813 4088 propriis
846 4002 959 4066 indita
984 4005 1067 4065 sunt
1090 4002 1267 4088 subscripi

215 4106 382 4172 tionibus,
676 4177 679 4182 ,
732 4123 734 4126 ·
912 4105 914 4109 ’
1050 4157 1053 4164 .
1261 4107 1266 4112 ’

270 4209 309 4288 ›1‹
330 4206 407 4288 Ego
424 4207 550 4270 Daniel
566 4205 620 4270 dei
634 4203 743 4286 plebis
760 4200 908 4264 famulus
923 4208 959 4264 et
973 4201 1169 4284 speculator
1183 4204 1263 4266 sub-

1010 4355 1018 4369 .
1102 4319 1114 4366 1
