3168 5028
568 503 876 552 lN'l'RODUO'l'lON.
1170 513 1218 558 XV

219 663 470 740 confirmamus,
484 681 528 726 ne
543 661 692 745 posteris
707 662 835 726 cadant
850 681 895 726 ex
907 657 1070 729 m'emoria
1084 685 1222 748 praeoe-

218 765 371 830 dentium
401 764 538 829 decreta
566 770 711 845 patrum.
767 761 975 826 Graecorum
1002 766 1130 831 talibus
1161 788 1222 831 ex·

217 867 339 948 amplis
363 872 497 929 statuta
519 872 610 942 sunt,
633 865 693 947 qui
715 865 807 946 quod
832 865 919 928 scire
944 866 1077 945 uolunt,
1096 868 1221 933 litteris

217 967 368 1044 tradunt,
387 984 430 1029 ne
451 985 496 1030 ex
515 966 679 1029 memoria
703 965 847 1029 labetur.
892 965 1024 1048 Estque
1043 967 1144 1032 nobis
1163 989 1222 1033 ne-

219 1086 318 1132 cesse
354 1066 674 1151 praemeditandum
705 1066 743 1129 in
775 1066 980 1147 fugabundis
1015 1070 1222 1151 temporibus

218 1169 362 1245 saeculi,
377 1169 549 1252 quomodo
568 1168 612 1232 ad
633 1175 807 1234 aeternam
821 1168 1021 1234 felicitatem
1042 1171 1223 1252 peruenire

217 1271 415 1350 ualeamus;
437 1270 520 1352 quia
539 1277 666 1334 cuncta
686 1289 775 1352 quae
796 1270 957 1333 uidentur
977 1270 1122 1352 lugitiua
1141 1279 1221 1335 sunt

219 1377 254 1434 et
268 1370 411 1449 caduca,
425 1390 515 1452 quae
536 1377 651 1434 autem
669 1389 739 1433 non
758 1370 916 1433 uidentur
934 1371 1128 1452 perenniter
1142 1379 1223 1435 sunt

217 1473 402 1549 manentia,
417 1479 480 1535 etc.
706 1469 878 1536 Aeuelred
894 1471 934 1535 oi
945 1471 1088 1550 Marcia,
1102 1472 1177 1536 883.

259 1605 313 1669 23.
336 1603 504 1684 Quamuis
534 1605 640 1668 uerba
668 1621 783 1685 regum
811 1610 847 1668 et
875 1623 1053 1687 procerum
1082 1605 1222 1670 decreta

217 1706 313 1770 uelut
326 1705 549 1769 fundamenta
562 1703 729 1769 montium
744 1705 789 1768 ad
808 1704 980 1768 modicum
994 1704 1066 1767 fixa
1078 1706 1221 1770 uidean-

218 1815 282 1884 tur,
296 1814 410 1871 tamen
425 1807 622 1890 plerumque
638 1812 861 1888 tempestates
876 1813 911 1869 ct
926 1805 1080 1870 turbines
1098 1826 1219 1872 saecu-

216 1909 339 1973 larium
357 1929 470 1971 rerum
491 1926 669 1990 regnorum
690 1913 823 1971 statuta
847 1907 1025 1990 pulsantes
1049 1909 1219 1989 quatiunt.

219 2008 448 2092 Quapropter,
463 2016 529 2072 eto.
675 2005 866 2072 Eddweard
881 2005 921 2070 of
927 2005 1088 2086 Wessex,
1102 2007 1177 2073 904.

259 2142 312 2205 24.
336 2140 504 2203 Omnibus
524 2157 672 2222 namque
690 2139 909 2220 sapientibus·
922 2147 1042 2203 notum
1056 2158 1097 2204 ac
1112 2142 1220 2206 mani-

216 2241 342 2306 festum
368 2247 515 2318 constat,
541 2239 632 2322 quod
655 2239 750 2302 dicta
771 2239 946 2303 hominum
967 2240 1024 2303 uel
1046 2239 1139 2306 facta
1158 2262 1221 2324 pro

216 2341 399 2424 multiplici
414 2359 650 2405 aerumnarum
663 2341 917 2422 perturbatione
930 2347 965 2404 et
974 2341 1221 2423 cogitationum

216 2443 400 2526 uagatione
413 2441 607 2525 frequenter
620 2459 666 2504 ex
679 2441 841 2536 memgria
855 2442 1030 2518 recedunt,
1044 2443 1112 2505 nisi
1128 2443 1219 2508 litte-

215 2563 329 2608 rarum
356 2543 514 2624 apicibus
541 2549 577 2605 et
601 2540 778 2604 custodiae
807 2541 944 2605 cautela
976 2542 1219 2624 scripturarum

215 2651 441 2722 reseruentur,
466 2650 502 2708 et
521 2641 565 2706 ad
589 2641 787 2706 memoriam
811 2649 1022 2706 reuocentur.
1067 2641 1220 2721 Quamo-

217 2747 321 2824 brem,
335 2752 400 2810 etc.
927 2741 1089 2823 Werfrl'd,
1101 2744 1176 2809 904.

259 2879 312 2944 25.
336 2875 482 2941 Flebilia
506 2876 639 2940 fortiter
662 2875 868 2940 detestanda
889 2876 1074 2942 totillantis
1098 2879 1218 2942 saeculi

217 2980 365 3064 piacula,
383 2979 468 3042 diris
483 2978 642 3043 obscenae
657 2976 899 3060 horrendaeque
919 2978 1139 3043 mortalitatis
1156 2981 1220 3044 cir-

217 3087 396 3164 cumsepta
414 3078 609 3156 latratibus,
626 3097 695 3141 non
711 3097 776 3141 nos
791 3079 905 3161 patria
923 3079 1108 3163 indoeptae
1124 3082 1221 3162 pacis

218 3198 368 3255 securos,
381 3179 443 3243 sed
461 3178 563 3261 quasi
581 3178 731 3242 foetidae
746 3178 958 3261 corruptelae
972 3178 1009 3242 in
1022 3180 1221 3262 uoraginem

218 3300 372 3359 casuros,
386 3278 606 3363 prouocando
622 3286 829 3359 ammonent,
844 3287 884 3344 ut
903 3299 980 3344 cum
1001 3288 1075 3345 toto
1094 3283 1221 3345 mentis

218 3381 396 3446 conamine
417 3401 495 3446 cum
516 3381 656 3445 casibus
679 3381 752 3444 suis
775 3397 845 3442 non
868 3381 979 3445 solum
1000 3382 1222 3465 despiciendo

218 3483 279 3548 sed
306 3483 422 3560 etiam,
448 3482 545 3547 uelut
568 3481 785 3547 fastidiosam
816 3481 1030 3546 melancoliae
1061 3482 1221 3545 nausiam

219 3584 470 3648 abhominando
490 3583 673 3666 fugiamus,
693 3583 873 3648 tendentes
900 3583 944 3646 ad
966 3582 1051 3646 illud
1074 3601 1220 3665 euange-

218 3685 333 3764 licum,
348 3683 439 3750 Date
454 3692 490 3750 et
504 3686 642 3750 dabitur
656 3685 766 3750 uobis.
811 3682 892 3762 Qua
907 3681 1010 3758 dere,
1025 3689 1090 3747 etc.

672 3782 865 3851 Aeaelstan
879 3784 919 3847 oi
927 3783 1088 3860 Wessex,
1102 3783 1178 3848 931.

261 3887 315 3951 26.
336 3887 380 3951 In
402 3893 544 3951 sanctae
561 3893 597 3950 et
613 3885 810 3950 indiuiduas
829 3883 1010 3947 Trinitatis
1027 3885 1223 3950 uocamine!

220 3986 295 4068 Ego
307 3985 459 4070 Eddwlg,
470 3987 623 4070 egregius
634 3985 919 4067 Angulsaxonum
934 3985 1097 4064 basileus,
1111 3993 1225 4050 caete-

220 4107 402 4170 rarumque
428 4089 578 4171 plebium
609 4086 688 4149 binc
722 4085 802 4148 inde
836 4085 1078 4163 habitantium,
1107 4087 1223 4150 crebro

221 4188 360 4270 quidem
381 4189 480 4272 coepi
496 4187 610 4254 rimari
630 4185 722 4268 quod
742 4206 784 4250 ea
807 4205 895 4270 quae
916 4186 1076 4252 uidentur
1093 4195 1224 4269 tempo-
