3188 5032
318 371 362 436 62
576 387 749 436 curaris
771 384 1113 434 iuonossxourcsn.

317 548 478 611 robores:
502 553 542 609 ut
556 545 671 610 nullus
694 545 775 626 post
795 544 927 608 obitum
941 550 1051 621 tuum,
1074 562 1137 608 nec
1159 543 1285 626 regalis
1307 563 1369 608 au·

318 646 464 724 dacitas,
478 666 541 710 nec
563 643 770 728 pontificalis
794 643 995 720 auctoritas,
1010 643 1067 707 uel
1088 643 1214 726 uliquis
1239 647 1368 710 aeccle·

320 846 466 910 luntatis
488 845 630 909 arbitrio
655 845 692 907 in
716 843 815 908 nobis
840 843 907 906 sibi
935 844 1096 908 nendicet
1124 845 1366 927 principatum.

321 946 417 1008 Huic
429 945 564 1008 debitae
586 942 832 1008 monachorum
854 962 1007 1008 meorum
1026 945 1245 1028 maximeque
1258 945 1368 1011 famu-

320 1046 432 1109 lorum
446 1044 500 1107 dei
515 1044 673 1127 petitioni
697 1042 922 1107 libentissime
936 1044 1114 1124 consensi3
1129 1045 1216 1108 etin
1231 1065 1368 1110 monas-

320 1145 407 1209 terio
422 1143 515 1226 quod
529 1145 630 1206 iuxta
640 1143 794 1219 fluidum,
810 1143 870 1226 qui
890 1143 1017 1208 dicitur
1031 1143 1250 1223 Uuinburna,
1265 1144 1369 1210 situm

321 1251 386 1320 est,
400 1244 455 1308 cui
469 1242 657 1307 uenerandi
670 1243 762 1324 regis
777 1244 888 1306 nostri
900 1243 1255 1325 germauaCnthburh
1270 1267 1370 1328 prae-

322 1344 422 1422 sidet,
445 1363 524 1406 cum
543 1342 686 1424 optabili
705 1341 925 1406 famosissimi
947 1343 1038 1425 regis
1062 1344 1119 1408 Ini
1141 1364 1312 1410 consensu
1334 1355 1370 1412 et

322 1442 596 1507 reuerendissimi
610 1440 727 1504 fratris
742 1449 777 1505 et
792 1443 985 1524 coepiscopi
1006 1444 1074 1508 mei
1090 1444 1247 1509 Danielis
1270 1454 1368 1524 nutu,

322 1549 566 1625 praesentatae
598 1541 819 1622 professionis
849 1541 1068 1607 deuotionem
1095 1542 1371 1611 decentissimam

322 1650 358 1706 et
370 1661 555 1705 uernarum
569 1640 698 1704 domini
712 1642 981 1723 postulationem
996 1661 1115 1706 sacrae
1129 1644 1240 1707 crucis
1253 1647 1371 1728 signa·
1442 1673 1444 1676 ·

323 1743 401 1806 culo
416 1740 637 1805 confirmaui:
660 1740 778 1804 itidem
799 1740 889 1804 idem
911 1742 1128 1806 uenerandus
1143 1763 1206 1807 rex
1220 1752 1256 1809 et
1271 1766 1371 1828 prae-

323 1841 521 1906 nominatus
543 1837 700 1922 pontifex
723 1839 800 1922 pari
819 1840 1014 1906 deuotionis
1033 1861 1139 1906 mann
1160 1845 1371 1928 subscripse-

323 1949 415 2006 runt.
457 1940 534 2006 Nec
556 1940 665 2003 multo
687 1947 779 2022 post,
801 1941 838 2003 in
863 1949 1085 2006 sacrosancto
1107 1945 1265 2022 concilio,
1279 1948 1371 2028 quod

322 2042 423 2105 iuxta
453 2041 596 2103 fluuium
627 2040 686 2121 qui
714 2040 841 2103 dicitur
863 2040 995 2106 Woder
1022 2051 1271 2125 congregatum
1297 2065 1373 2111 esse

322 2141 524 2217 dinoscitur,
546 2140 583 2202 in
606 2139 696 2203 idem
720 2139 873 2204 omnium
898 2140 1092 2205 Saxonicae
1119 2145 1234 2225 gentis
1262 2147 1374 2210 archi-

323 2240 570 2304 mandritarum
588 2258 666 2302 cum
688 2240 815 2320 regalis
833 2247 1035 2322 potentatus
1051 2259 1195 2306 assensu
1210 2252 1246 2308 et
1257 2248 1372 2328 ponti·

323 2339 432 2404 licalis
458 2341 633 2422 prioratus
660 2345 748 2402 nutu
772 2341 949 2404 consensit
976 2342 1177 2406 auctoritas.
1229 2343 1266 2408 Si
1296 2349 1374 2428 quis

322 2459 406 2504 uero
426 2446 547 2504 contra
570 2439 656 2502 haec
682 2445 754 2502 tam
782 2439 968 2504 illustrium
990 2457 1215 2523 personarum
1236 2444 1375 2512 decreta

322 2540 436 2604 moliri
455 2538 682 2614 machinetur,
705 2544 741 2602 et
762 2555 863 2602 sacra
886 2542 1078 2622 praesentis
1104 2542 1264 2608 scedulae
1286 2548 1375 2611 scita

323 2639 555 2721 praeuaricari
584 2639 864 2720 praesumpserit,
894 2640 982 2704 sciat
1010 2659 1048 2704 se
1077 2649 1158 2706 ante
1187 2645 1374 2710 terribilem

323 2740 462 2803 diuinae
492 2735 683 2802 maiestatis
720 2738 883 2802 thronum
920 2759 998 2803 cum
1039 2743 1374 2824 praeuaricatoribus

322 2839 584 2921 praeceptorum
599 2836 729 2901 domini
750 2838 889 2920 lugubri
903 2839 1134 2904 damnationis
1147 2841 1274 2909 iudicio
1295 2865 1373 2928 per·

323 2938 525 3003 cellendnm.
577 2938 667 3001 Sunt
679 2945 795 3002 autern
817 2939 903 3004 haec
918 2941 1059 3004 nomina
1077 2946 1375 3025 monasteriorum,

324 3037 603 3119 Maldubesberg‚
619 3037 758 3115 Froom,
774 3039 1004 3104 Bradanford.
1056 3039 1194 3123 Scripta
1204 3051 1256 3107 est
1272 3046 1374 3111 huius

323 3137 593 3202 confirmationis
622 3139 756 3202 cartula
786 3157 877 3204 anno
907 3141 951 3204 ab
978 3140 1217 3207 incarnatione
1245 3144 1373 3212 domini

324 3239 434 3301 nostri
449 3237 555 3303 Ihesu
571 3235 701 3300 Christi
715 3254 818 3304 nccV.
843 3237 1038 3304 Indictione
1053 3255 1108 3304 111.

379 3339 418 3418 ›1‹
437 3337 582 3419 Signum
612 3355 735 3400 manus
767 3337 925 3404 Danielis
954 3341 1117 3423 episcopi.
1175 3345 1215 3424 ›1‹
1229 3343 1373 3427 Signum

324 3437 380 3500 Ini
394 3437 497 3518 regis.
555 3439 594 3518 ›1‹
611 3435 755 3520 Signum
768 3455 893 3503 manus
905 3441 1042 3523 patricii
1056 3438 1273 3508 Aethelfridi.

811 3734 889 3798 LV.

511 3882 532 3925 *
557 3879 690 3947 OFFA
714 3879 778 3947 OF
804 3881 975 3964 ESSEX,
994 3882 1186 3953 rui-709.

379 4032 418 4111 ›1‹
435 4029 642 4095 Recursus
666 4032 703 4094 in
734 4042 937 4117 perpetuum
962 4034 1113 4113 domino,
1139 4037 1376 4103 uniuersitatis

323 4133 496 4195 creatore!
524 4130 601 4212 Ego
624 4129 703 4196 uffa
730 4152 794 4197 rex
821 4133 1042 4214 Marciorum,
1064 4136 1220 4219 aliquam
1243 4146 1378 4220 partem·
