3134 5030
454 425 624 472 οιιιιιιιιι
647 423 986 472 ιιιοιοειιιοιιιοιιι.
1177 405 1243 469 283

192 583 358 664 Iterumq:
377 581 529 645 secundo
550 600 641 644 anno
661 582 808 664 postqui
823 582 898 644 haec
912 580 1028 645 omnia
1041 580 1092 644 ita
1105 588 1247 662 peracta

190 684 224 746 ”st
237 683 312 746 haec
329 681 451 744 eadem
466 680 549 744 abbt
561 681 653 744 illius
678 681 832 763 episcopi
852 680 1025 763 colloquiii
1039 679 1222 761 flagitabat
1237 727 1244 744 .

191 801 303 864 eumq:
326 783 362 845 in
382 782 563 863 prouincia
586 781 803 845 bwicciorum
831 779 1001 862 expetiuit
1024 779 1085 844 illo
1108 779 1145 842 in
1168 780 1247 844 loco

192 901 270 962 quae
295 880 494 944 nominatur
516 879 726 944 oslafeshlau
753 928 761 945 .
788 879 854 962 eiq:
884 899 981 944 suam
1012 879 1245 960 insipientiam

193 980 351 1044 confessa
384 988 438 1044 est
471 980 644 1044 retardato
673 979 961 1044 reconciliationis
977 1026 986 1044 .
1001 978 1068 1043 boc
1103 993 1123 1048 ÷
1152 979 1245 1043 illius

193 1087 293 1144 terrae
314 1108 342 1170 q
366 1087 446 1144 ante
471 1080 671 1162 negaberat.
724 1086 842 1162 tuncq:
866 1081 903 1143 in
927 1078 1046 1144 eodem
1074 1079 1151 1143 loco
1173 1079 1245 1161 epi·

193 1198 318 1262 scopus
335 1179 397 1243 illa
419 1179 501 1243 abbt
522 1186 694 1262 praesente
710 1181 908 1262 exponebat
925 1226 932 1240 .
949 1178 1041 1260 quod
1054 1178 1112 1242 ille
1127 1180 1245 1244 omniii

194 1281 413 1362 antiquorum
440 1281 586 1342 causari
613 1298 700 1361 quas
723 1287 805 1344 ante
827 1278 1136 1343 reconciliauerunt
1157 1278 1242 1342 libe-

193 1385 289 1442 ratus
312 1378 434 1443 fuisset
448 1427 456 1442 .
472 1398 550 1442 cum
568 1379 632 1443 illa
650 1379 806 1461 perfecta
819 1398 889 1442 non
907 1377 1048 1443 luerunt
1062 1397 1140 1460 quae
1163 1385 1245 1442 ante

194 1478 365 1560 spondata
380 1478 567 1542 habuisset.
618 1478 709 1544 Tum
723 1477 817 1542 lilla
837 1479 921 1541 abst
934 1497 1012 1540 cum
1026 1478 1119 1542 omni
1133 1468 1244 1542 bumi-

194 1578 292 1642 litate
305 1579 510 1661 promiserat
525 1627 533 1642 .
549 1585 590 1642 ut
604 1597 706 1644 omne
727 1579 818 1661 quod
835 1579 866 1641 ei
879 1577 1013 1641 reddita
1038 1597 1108 1641 non
1131 1577 1244 1642 fuerat

193 1698 271 1742 cum
294 1678 387 1742 omni
412 1677 596 1742 deuotione
615 1678 887 1760 diligentissimae
910 1677 1092 1742 emendare
1114 1677 1244 1741 uoluis-

196 1785 250 1842 set
266 1777 487 1861 .quosdamq:
506 1778 613 1843 libros
629 1797 716 1861 quos
731 1785 812 1842 ante
825 1797 895 1841 non
910 1776 1058 1841 habebat
1072 1777 1109 1841 in
1124 1777 1243 1842 eodem

195 1877 339 1941 concilio
354 1877 406 1940 illi
424 1878 608 1943 reddebat
631 1878 782 1960 agellum
795 1896 927 1960 quoq..
943 1893 1013 1940 1111.
1026 1871 1168 1940 manen'i
1181 1897 1244 1960 pro

196 1978 268 2041 eins
292 1976 431 2041 amabili
456 1977 608 2042 amicitia
629 1977 673 2042 ad
700 1978 796 2041 illam
819 1977 1092 2084 prenominatam
1117 1983 1245 2040 terram

194 2075 391 2158 aetbearge
425 2076 580 2142 donabit
648 2075 812 2140 Similiter
841 2044 944 2141 etiam
974 2075 1070 2139 etin
1103 2076 1245 2162 puincia

195 2177 345 2239 cantiae.
363 2191 474 2240 xxx.
491 2188 632 2240 manent
656 2183 782 2240 terram
810 2177 870 2239 nbi
899 2175 1025 2239 dicitur
1053 2182 1101 2239 aet
1123 2176 1244 2239 cumbe

194 2295 271 2339 cum
289 2275 440 2339 eiusdem
458 2275 582 2339 libellis
598 2275 642 2338 ad
656 2274 928 2339 emendationem
941 2274 1043 2338 illim
1066 2275 1243 2356 sempiter-

193 2395 272 2438 nam
292 2374 515 2439 hereditatem
529 2375 693 2439 donasset
710 2422 718 2439 .
733 2381 772 2438 ut
793 2375 862 2438 ista
882 2373 1050 2457 praedicta
1065 2375 1242 2438 reconcili-

193 2476 262 2538 atio
283 2474 417 2538 stabilis
439 2475 572 2558 firmaq:
596 2482 812 2557 permaneret
838 2522 846 2538 .
868 2482 909 2539 ut
937 2473 1048 2538 omnis
1072 2473 1243 2538 hereditas

195 2574 1085 2658 coenwulfiheredesq:illiusfirmalitersintliberati.
1108 2571 1243 2656 Tuncq:

197 2675 289 2758 episc
302 2675 367 2737 hoc
381 2674 469 2738 idem
485 2675 660 2739 consensit
675 2724 683 2739 .
700 2675 765 2739 hac
778 2673 974 2748 conditione
987 2681 1027 2736 ut
1039 2673 1141 2736 illorii
1155 2691 1245 2755 prae-

197 2774 365 2838 dictorum
389 2774 543 2856 agellorii
566 2775 705 2838 nomina
724 2775 767 2838 de
787 2772 938 2857 antiquis
963 2772 1245 2855 priuilegiisquae

197 2882 278 2938 sunt
301 2880 348 2937 aet
361 2874 605 2938 wincelcumbe
620 2874 753 2938 eradati
773 2873 900 2938 firerint
916 2921 922 2934 .
937 2873 1098 2955 iterumq:
1113 2871 1149 2934 in
1164 2891 1244 2955 pos-

198 2980 308 3038 terum
325 2993 394 3036 non
410 2980 491 3037 sunt
504 2973 641 3056 prolati.
695 2973 736 3036 Si
749 2971 773 3036 n
788 2974 911 3037 iterum
933 2972 1051 3055 aliqua
1067 2973 1246 3062 altercatio

198 3074 241 3136 ab
264 3072 367 3135 alicui
386 3072 510 3136 herede
532 3073 711 3137 coenwulli
731 3072 908 3156 inposterii
923 3072 1016 3137 elata
1029 3070 1134 3136 fuerit
1148 3073 1244 3155 absq:

199 3173 291 3235 onmi
304 3172 517 3236 dubitatione
536 3172 624 3237 sciat
638 3191 692 3236 me
707 3173 850 3237 liberum
865 3192 941 3236 esse
954 3191 1084 3254 measq:
1107 3171 1248 3236 heredes

195 3294 218 3362 7
240 3270 382 3334 ecclesii
404 3268 464 3357 xpi
485 3271 652 3336 iustitiam
672 3278 708 3335 et
730 3272 1003 3336 emendationem
1023 3270 1067 3334 ad
1089 3271 1246 3334 heredem

196 3371 291 3435 illam
319 3371 502 3453 requirere.
548 3371 708 3453 Omniaq:
739 3372 973 3454 suprascripta
1010 3369 1136 3432 iniuria
1158 3369 1248 3433 inre-

197 3470 380 3534 conciliata
405 3491 615 3553 permanere.
667 3470 757 3534 Haec
788 3480 871 3535 sunt
893 3469 917 3532 k
943 3469 1082 3532 nomina
1112 3469 1247 3532 illorum

198 3569 375 3634 hominum
397 3589 485 3652 quae
508 3591 553 3634 ex
580 3571 649 3634 alia
676 3577 776 3652 parte
799 3566 1061 3635 conscribuntur
1087 3567 1146 3650 qui
1169 3588 1247 3632 cum

198 3670 304 3734 totius
318 3669 494 3753 synodalis
508 3671 713 3735 auctoritate
724 3670 826 3734 huius
839 3667 1127 3734 reconciliationis
1140 3674 1247 3732 testes

199 3768 383 3833 adfuerunt
405 3776 441 3834 et
464 3769 565 3852 signo
590 3771 670 3834 siae
698 3772 809 3834 crucis
830 3767 890 3856 xpi
917 3767 1065 3852 propriis
1087 3767 1246 3832 manibus

197 3869 510 3952 conscripserunt:-

252 3972 291 4051 ›1‹
313 3969 389 4051 Ego
406 3968 643 4034 Gwoentbrith
658 3970 724 4034 alib
739 3970 828 4034 hanc
845 3967 1123 4033 reconciliationi}
1137 3964 1248 4052 ppriis

198 4069 332 4132 manibs
347 4070 389 4132 cii
403 4069 503 4150 signo
518 4070 587 4133 sbae
602 4069 713 4135 crucis
727 4067 790 4156 xpi
802 4071 902 4134 roboi
915 4093 938 4160 7
952 4069 1016 4132 sub

254 4169 293 4248 ›1‹
314 4168 391 4250 Ego
421 4166 610 4234 beornuulf
625 4189 685 4234 rex
710 4171 802 4233 meri
822 4187 899 4234 cum
922 4170 1021 4251 signo
1043 4169 1111 4231 stae
1137 4166 1247 4229 crucis

197 4265 257 4352 xpi
271 4268 435 4334 afirmabo
447 4293 469 4360 7
485 4270 549 4333 sub
