3188 5032
497 430 670 479 casaris
693 430 1033 478 lncnosnxonrosa.
1242 415 1284 478 81

657 715 844 782 LXVIII.

301 871 674 964 *Anuurnennn
699 898 764 963 os
788 897 997 977 meacm,
1020 898 1206 964 716-717.

279 1080 384 1162 »141Ν
409 1081 547 1145 nomine
569 1080 699 1145 domini
729 1079 840 1144 nostri
867 1079 972 1144 lhesu
996 1077 1147 1144 Christi!
1200 1081 1278 1164 Ego

225 1176 476 1245 Aethelbaldus
491 1181 573 1244 dum
593 1181 676 1245 mibi
691 1200 754 1245 rex
768 1187 929 1244 aeternus
947 1180 1164 1262 omnipotens
1179 1181 1276 1258 deuS,

225 1281 391 1362 terrigeni
405 1282 503 1366 regni
518 1283 648 1364 absque
671 1281 794 1344 merito
814 1281 1007 1362 portionem
1028 1281 1179 1362 aliquam
1194 1301 1276 1344 con·

226 1379 374 1458 tulisset,
399 1382 553 1463 cogitaui
575 1389 615 1445 ut
642 1381 768 1445 exinde
797 1380 948 1462 aliquam
972 1387 1105 1462 partem
1133 1399 1195 1462 pro
1221 1402 1275 1446 re·

225 1480 337 1544 medio
352 1482 488 1546 animae
500 1501 597 1545 meae
613 1481 656 1545 ad
671 1481 857 1546 utilitatem
869 1480 1111 1544 aecclesiarum
1127 1479 1182 1544 dei
1196 1501 1274 1562 per-

223 1579 399 1646 donarem.
433 1581 585 1646 Proinde
595 1601 700 1645 unam
714 1582 909 1664 portionem
919 1581 1109 1644 mansionis
1121 1581 1157 1643 in
1172 1582 1274 1646 uuico

224 1682 392 1762 emptorio
406 1682 489 1746 salis
505 1702 606 1765 quem
627 1700 691 1746 nos
712 1680 869 1744 Saltuuic
891 1699 1068 1758 necamus,
1090 1700 1168 1745 cum
1191 1700 1274 1745 con-

224 1780 575 1864 scientiaprIncipum
590 1802 630 1846 ac
645 1782 771 1845 ducum
798 1801 951 1846 meorum
966 1800 1113 1862 quorum
1135 1781 1275 1846 nomina

222 1879 366 1944 inferius
388 1883 581 1966 perscripta
601 1889 685 1946 sunt
707 1901 748 1945 ac
771 1889 904 1958 notata,
928 1900 991 1963 pro
1016 1901 1077 1964 spe
1103 1901 1273 1964 supernae

222 1982 520 2060 remunerationis,
551 1982 595 2046 ad
632 1982 811 2046 ecclesiam
843 1983 965 2045 beatae
1000 1981 1055 2045 dei
1087 1983 1272 2064 genetricis

221 2099 424 2164 semperque
437 2083 583 2165 uirginis
594 2082 729 2147 Mariae
743 2101 832 2164 quae
846 2081 993 2145 fundata
1008 2089 1060 2147 est
1072 2083 1108 2146 in
1119 2082 1272 2147 Cronuo-

133 2207 135 2212 ·
222 2180 358 2246 homme
377 2183 525 2248 libenter
538 2182 730 2246 concedens
748 2182 904 2263 donabo;
931 2183 1095 2263 quatinus
1113 2185 1158 2247 ab
1179 2185 1273 2247 omni

222 2282 353 2346 tributo
374 2283 502 2347 fiscalis
520 2282 649 2365 publici
669 2283 706 2346 in
725 2291 929 2366 perpetuum
951 2281 1012 2345 illa
1035 2283 1148 2364 portio
1166 2302 1271 2364 quam

224 2383 405 2447 nostratim
420 2382 498 2447 Sele
514 2401 753 2465 nuncupamus
766 2383 874 2446 libera
887 2382 944 2446 sit.
995 2381 1034 2445 Si
1049 2383 1127 2464 quis
1141 2388 1270 2460 autem,

222 2482 315 2563 quod
330 2483 433 2562 absit,
444 2482 629 2547 haeredum
640 2502 795 2547 meorum
810 2482 900 2546 hanc
912 2481 1132 2545 donationem
1146 2500 1270 2560 meam,

222 2601 326 2664 quam
341 2603 404 2666 pro
419 2583 654 2666 redemptione
674 2583 810 2666 animae
832 2581 928 2645 meae
950 2580 1062 2658 trad0,
1082 2581 1270 2664 infringere

223 2701 329 2746 ausus
353 2683 468 2761 fuerit,
491 2684 580 2748 sciat
602 2703 640 2747 se
665 2689 746 2746 ante
771 2680 922 2745 tribunal
947 2678 1078 2745 Christi
1098 2681 1269 2771 rationem

220 2782 434 2847 redditurum
455 2783 522 2847 nisi
548 2782 784 2848 satisfactione
806 2781 912 2864 digna
936 2780 1181 2846 emendauerit.
1233 2783 1271 2848 Si

223 2883 300 2963 quis
322 2891 438 2948 autem
460 2903 588 2966 augere
610 2883 759 2949 uoluerit
774 2888 903 2964 augeat
918 2880 1003 2944 deus
1025 2890 1158 2963 partem
1177 2881 1270 2946 illius

221 2982 367 3048 interra
387 2983 590 3048 uiuentium.
1033 3019 1034 3022 =

276 3086 316 3166 »14
333 3084 438 3148 Hanc
462 3104 545 3148 uero
564 3082 785 3172 donationem
804 3101 915 3146 meam
938 3100 1004 3162 ego
1018 3078 1270 3146 Aethelbaldus

219 3182 311 3248 dono
341 3185 397 3248 dei
423 3204 486 3249 rex
512 3204 575 3267 pro
598 3183 724 3248 maiori
743 3181 976 3246 stabilimento
1001 3181 1102 3263 signo
1127 3190 1269 3247 sanctae

220 3283 332 3347 crucis
360 3284 488 3349 munio.
546 3286 585 3365 »14
615 3283 693 3366 Ego
717 3282 922 3364 Ecguuinus
959 3281 1142 3364 episcopus
1178 3283 1268 3347 hanc

218 3382 440 3448 donationem
467 3385 675 3448 confirmans
704 3382 902 3464 subscripsi.
958 3382 997 3461 »14
1026 3381 1104 3463 Ego
1126 3379 1267 3446 Aetbel-

218 3484 373 3548 uuardus
407 3484 566 3549 consensi
595 3490 631 3547 et
657 3483 855 3564 subscripsi.
913 3482 952 3561 »14
977 3480 1054 3561 Ego
1078 3475 1266 3545 Aethelric¹

218 3585 379 3648 consensi
398 3591 434 3649 et
447 3583 646 3666 subscripsi.
702 3583 742 3662 »14
757 3580 834 3663 Ego
850 3579 1025 3644 Eadberht
1050 3580 1209 3644 consensi
1232 3588 1287 3645 et·

217 3684 416 3769 subscripsi.
472 3685 513 3765 »14
532 3684 610 3766 Ego
633 3680 801 3747 Unilfritb
824 3679 984 3745 consensi
1011 3684 1048 3743 et
1068 3680 1267 3762 subscripsi.

222 3786 262 3865 »14
277 3786 353 3867 Ego
376 3783 456 3848 Oua
470 3783 629 3849 consensi
649 3791 684 3849 et
704 3781 902 3863 subscripsi.
957 3779 998 3859 »14
1013 3779 1089 3859 Ego
1104 3779 1268 3862 Sigebald

216 3885 375 3949 consensi
398 3892 433 3949 et
455 3884 654 3967 subscripsi.
734 3883 774 3962 »14
794 3881 871 3963 Ego
894 3880 1018 3964 Eoppa
1046 3880 1206 3944 consensi
1233 3888 1268 3945 et

217 3985 418 4068 subscripsi.

618 4107 627 4140 ¹
645 4109 701 4160 MS.
720 4105 862 4157 Aedeluch.
