3188 5032
464 446 636 495 cuiauis
662 443 1001 495 sucnosnxoruosn.
1194 434 1257 498 131

674 649 795 716 cv11.

426 825 447 870 *
472 821 763 902 annuarum,
778 822 934 907 anyer,
949 825 1026 889 761.

253 994 350 1072 »ΗΝ
365 997 503 1062 nomine
529 998 709 1080 regnantis
730 999 972 1082 inperpetuum
994 1000 1123 1065 domini
1146 1005 1255 1068 nostri

203 1097 309 1164 Ihesu
322 1097 465 1174 Christi,
476 1117 517 1161 ac
531 1104 658 1163 cuncta
675 1099 795 1162 mundi
814 1099 893 1164 iura
912 1101 1005 1165 iusto
1024 1087 1255 1168 moderamine

202 1200 374 1282 regentis!
428 1198 597 1276 Quamuis
626 1217 736 1281 parua
758 1207 794 1263 et
818 1201 947 1282 exigua
968 1209 1050 1266 sunt
1075 1221 1163 1286 quae
1190 1223 1254 1287 pro

202 1299 360 1363 admissis
386 1298 537 1380 peccatis
571 1298 755 1377 offerimus,
786 1306 903 1365 tamen
926 1301 1004 1383 pius
1032 1302 1191 1366 dominus
1218 1311 1254 1368 et

201 1400 397 1483 redemptor
410 1406 528 1462 noster
553 1419 623 1462 non
644 1400 875 1482 quantitatem
896 1401 1047 1465 muneris
1065 1402 1127 1466 sed
1147 1403 1254 1468 deuo·

201 1500 330 1564 tionem
355 1499 570 1564 offerentium
594 1518 729 1582 semper
756 1499 907 1583 inspicit.
957 1500 1037 1578 Qua
1059 1502 1102 1566 de
1125 1521 1163 1566 re
1186 1522 1251 1586 ego

205 1598 407 1676 Radbertus,
434 1599 490 1663 dei
517 1599 774 1681 dispensatione
809 1602 854 1665 ab
882 1601 1045 1665 uniuersa
1073 1602 1252 1684 prouincia

201 1698 691 1766 Canurariorum'constitutus
709 1720 773 1764 rex
795 1711 831 1768 et
847 1701 1019 1784 princeps,
1038 1720 1251 1794 cognescens

198 1799 333 1866 initium
346 1802 441 1866 uitae
463 1808 498 1865 et
519 1799 653 1879 martie,
668 1801 749 1884 quia
770 1800 864 1865 omni
885 1800 1036 1865 humano
1058 1804 1175 1885 generi
1196 1803 1249 1867 in-

198 1901 357 1966 differens
374 1908 430 1966 est
440 1902 535 1965 uitae
556 1919 678 1964 cursus
695 1907 731 1966 et
747 1901 880 1978 mortis,
901 1901 1087 1984 prouidens
1101 1903 1160 1966 ubi
1173 1923 1248 1968 cor-

197 2002 379 2084 pusculum
393 2021 508 2066 meum
522 2000 624 2065 condi
645 2001 797 2079 deberet,
811 2000 897 2065 nihil
918 2000 1041 2065 melius
1061 2003 1249 2068 arbitratus

198 2121 286 2181 sum,
311 2102 378 2166 nisi
400 2101 449 2166 ibi
472 2102 672 2185 sepulturae
701 2101 895 2166 traderetur
921 2101 981 2166 ubi
1002 2103 1073 2166 iam
1100 2103 1248 2185 pristino

197 2208 351 2285 ternpore
364 2208 529 2286 parentes
540 2220 636 2266 meos
649 2201 804 2284 sepultos
826 2221 901 2266 esse
923 2202 1081 2267 omnibus
1098 2211 1248 2283 constat,

197 2290 262 2368 hoc
277 2310 331 2367 est
343 2304 381 2367 in
393 2302 603 2368 monasterio
617 2301 710 2366 beati
724 2302 960 2385 apostolorum
972 2303 1136 2386 principis
1152 2302 1249 2368 Petri

197 2403 253 2467 cui
266 2419 427 2486 praeesse
439 2403 630 2468 dinoscitur
642 2401 852 2466 honorabilis
862 2402 970 2467 abbas
981 2400 1191 2468 lambertus:
1213 2411 1249 2468 at

196 2504 279 2586 quia
290 2503 524 2570 insmctuosus
538 2521 613 2568 esse
625 2521 695 2567 nou
706 2501 814 2566 debeo
822 2503 1041 2586 supradictae
1049 2503 1249 2583 aecclesiae,

196 2623 260 2686 pro
284 2612 425 2668 aeterna
450 2603 684 2687 redemptione
706 2603 897 2667 animarum
919 2610 1126 2681 nostrarum,
1152 2623 1249 2668 meae

197 2703 359 2770 uidelicet
373 2712 478 2787 atque
493 2697 751 2767 clementissimi
771 2703 864 2786 regis
878 2701 1106 2781 Aethelberti,
1122 2710 1158 2767 et
1170 2723 1246 2768 cor-

196 2823 319 2888 porum
333 2804 523 2888 sepultura,
545 2822 679 2868 necnon
701 2809 737 2867 et
758 2821 822 2885 pro
842 2803 1026 2866 missarum
1046 2802 1245 2885 solempniis

196 2904 410 2982 exhibendis,
444 2904 489 2968 ad
516 2909 740 2986 augmentum
768 2903 863 2967 uitae
890 2903 975 2967 inibi
1004 2901 1245 2968 famulantium

195 3002 346 3083 Christo,
371 3011 498 3069 terram
528 3009 720 3068 aratrorum
742 3021 806 3067 sex
822 3003 859 3066 in
884 3003 1029 3069 australi
1052 3010 1152 3087 parte
1176 3005 1245 3070 uici

194 3105 329 3187 antiqui
341 3105 401 3188 qui
423 3103 618 3188 appellatur
636 3101 935 3186 Mundlingeham‚
950 3104 1042 3170 sicut
1054 3121 1085 3172 ¹a
1107 3103 1245 3186 regibus

195 3203 343 3270 Cantiae
362 3211 515 3288 tempore
539 3202 699 3286 pristino,
718 3210 754 3268 et
777 3222 799 3267 a
820 3204 919 3268 nobis
938 3223 1048 3286 usque
1065 3202 1244 3285 hactenus

194 3323 358 3370 concessa
372 3311 409 3370 et
420 3309 582 3388 possessa
595 3310 660 3368 est.
705 3302 921 3368 Interdicens
940 3304 1045 3369 etiam
1059 3303 1143 3367 mihi
1156 3304 1246 3370 hanc

193 3412 319 3470 terram
342 3405 496 3487 meisque
517 3403 772 3469 successoribus
795 3422 816 3467 a
838 3405 1012 3487 praesenti
1030 3404 1086 3467 die
1108 3410 1144 3467 et
1158 3411 1245 3469 tem·

193 3524 289 3587 pore,
313 3523 484 3570 unacum
507 3524 678 3569 consensu
702 3503 970 3568 reuerentissimi
998 3502 1245 3587 archiepiscopi

194 3605 407 3688 Bregounini
419 3605 633 3688 aliorumque
648 3623 826 3668 seruorum
837 3603 904 3682 dei,
914 3612 950 3669 et
963 3603 1156 3687 principum
1172 3623 1244 3668 me-

192 3725 302 3784 orum,
324 3705 523 3771 beatissimo
541 3704 716 3788 clauigero
737 3705 836 3787 regni
854 3703 1012 3769 coelestis
1028 3703 1170 3785 eiusque
1192 3723 1245 3768 sa·

192 3825 272 3870 crae
298 3805 570 3872 conuersationis
588 3804 739 3870 familiae
760 3805 797 3868 in
817 3812 985 3888 perpetuo
1002 3803 1247 3888 possidendum

194 3906 317 3990 optuli,
347 3926 426 3970 cum
455 3907 597 3990 campis,
625 3905 736 3982 siluis,
772 3906 894 3988 pratis,
922 3904 1073 3989 pascuis,
1101 3911 1138 3967 et
1167 3923 1245 3968 cum

193 4006 288 4071 omni
299 4005 431 4072 tributo
442 4007 533 4089 quod
548 4007 686 4089 regibus
701 4005 842 4072 daretur
854 4025 863 4086 ;
884 4012 924 4069 ut
938 4006 1081 4069 liberam
1094 4002 1246 4070 habeant

192 4113 403 4190 potestatem
432 4106 642 4190 possidendi,
671 4107 728 4171 uel
750 4104 935 4182 uendendi,
961 4105 1018 4170 uel
1045 4105 1149 4169 etiam
1173 4112 1245 4170 tra-

190 4206 295 4274 dendi
308 4209 514 4292 cuicumque
527 4208 720 4273 noluerint:
741 4207 905 4272 terminos
918 4225 1002 4271 uero
1014 4204 1117 4269 huius
1133 4211 1246 4270 terrae

1067 4314 1085 4349 κ
1095 4305 1111 4349 2
