3172 5030
482 452 654 502 curaris
674 452 1019 508 suenossxoumnu.
1231 439 1275 502 27

221 629 361 692 sumus;
387 611 512 676 iccirco
539 611 683 674 terrenis
713 629 754 674 ac
780 610 919 675 caducis
948 619 1090 676 aeterna
1119 618 1154 674 et
1177 630 1275 674 man·

221 731 303 774 sura
317 712 501 776 mercanda
515 718 608 775 sunt.
650 710 874 794 Quapropter
886 731 951 794 ego
967 709 1197 776 Aethelredus
1212 731 1276 775 rex

224 812 444 891 Merciorum,
465 819 607 894 rogatus
630 831 652 875 a
672 812 819 895 patricio
844 831 921 875 meo
941 820 977 878 et
990 813 1183 896 propinquo
1207 810 1276 876 Co-

223 912 384 991 eniritho,
405 932 468 996 pro
494 912 644 977 remedio
670 913 806 976 animae
836 931 933 976 meae
964 931 1005 976 ac
1033 932 1096 996 pro
1120 912 1276 977 oratione

222 1012 367 1076 fratrum
385 1013 421 1076 in
441 1013 712 1094 Melduuesburg
736 1011 801 1078 deo
822 1012 1058 1090 semieutium
1082 1029 1180 1078 xxx.
1199 1031 1276 1076 cas·

223 1120 319 1178 satos
350 1114 394 1178 ab
421 1113 625 1178 occidentali
659 1120 758 1196 parte
786 1118 918 1177 stratae
946 1113 1116 1196 publicae,
1138 1119 1174 1176 et
1205 1131 1276 1176 non

223 1213 326 1295 longe
341 1213 377 1276 iu
391 1213 460 1278 alio
475 1214 552 1278 loco
572 1212 777 1296 quindecim,
795 1232 903 1296 prope
916 1212 1050 1278 Tectun
1072 1210 1276 1278 monasteri-

222 1333 293 1392 um,
308 1312 468 1380 Aldelmo
488 1315 606 1379 abbati
619 1321 654 1377 et
667 1314 922 1378 successoribus
942 1314 1016 1377 eius
1031 1313 1067 1377 in
1082 1313 1277 1377 libertatem

223 1421 437 1479 terrenarum
460 1414 666 1478 semitutum
695 1412 942 1496 perpetualem,
964 1413 1110 1477 libenter
1131 1412 1278 1494 largitus

224 1533 313 1579 sum.
365 1514 413 1579 Et
431 1514 520 1578 hanc
542 1512 762 1578 donationem
787 1532 899 1577 meam
927 1532 1046 1578 sacrae
1073 1514 1184 1578 crucis
1207 1513 1277 1596 sig-

224 1615 350 1678 naculo
364 1615 504 1697 propria
525 1633 631 1678 manu
648 1613 860 1691 confirmaui,
881 1621 917 1678 et
930 1614 1171 1678 fauorabilium
1186 1613 1278 1677 uiro·

225 1734 301 1778 rum
323 1715 417 1780 claro
440 1733 609 1781 consensu
632 1714 865 1791 corroboraui,
879 1721 919 1779 ut
941 1715 1038 1778 nulla
1053 1722 1134 1798 post
1146 1713 1278 1779 obitum

225 1822 381 1879 nostrum
396 1816 522 1898 regaliS
544 1814 723 1879 audacitas
745 1833 808 1877 nec
828 1813 1015 1878 saecularis
1029 1813 1181 1898 dignitas
1196 1833 1278 1879 con·
1389 1848 1392 1854 ·

225 1922 281 1979 tra
305 1916 481 1981 decretum
511 1922 667 1980 nostrum
693 1914 909 1996 confringere
938 1915 1171 1998 temptauerit.
1223 1914 1278 1978 Si-

226 2017 303 2099 quis
326 2037 409 2081 uero
432 2017 522 2081 hane
537 2015 758 2080 donationem
782 2034 909 2098 augere
931 2022 967 2080 et
988 2015 1198 2099 amplificare
1215 2033 1278 2079 uo-

226 2116 339 2195 luerit,
362 2124 490 2198 augeat
513 2116 598 2180 deus
623 2124 757 2198 partem
780 2116 854 2179 eius
877 2116 914 2179 in
935 2115 1023 2180 libro
1046 2117 1161 2181 uitae:
1186 2116 1279 2198 quod

226 2217 257 2280 si
269 2217 358 2299 quie,
378 2218 561 2300 tyrannica
578 2223 751 2298 potestate
771 2215 892 2293 fretus,
914 2215 1050 2280 demere
1068 2217 1125 2280 uel
1144 2214 1280 2280 auferre

227 2317 407 2398 satagerit,
420 2317 509 2382 sciat
523 2335 561 2380 se
575 2336 692 2380 coram
707 2314 846 2380 Christo
866 2335 1059 2399 nouemque
1077 2316 1279 2398 augelorum

227 2416 402 2479 ordinibus
435 2416 604 2479 rationem
639 2415 862 2479 redditurum.
915 2414 1052 2498 Scripta
1081 2423 1135 2480 est
1164 2423 1280 2479 autem

228 2513 314 2578 baec
336 2514 543 2599 cyrographi
558 2514 692 2580 cartula
714 2533 806 2578 anno
829 2516 873 2579 ab
892 2513 1129 2579 incarnatione
1152 2514 1282 2609 Christi

229 2632 412 2680 cccxxxi.
429 2613 624 2680 Indictione
638 2630 693 2678 rx.

284 2717 322 2797 ›1‹
342 2715 486 2797 Signum
501 2734 624 2779 manus
639 2713 840 2779 Aethelredi
850 2712 942 2797 regis
958 2714 1180 2779 Merciorum.
1236 2715 1276 2796 ›1‹

228 2816 373 2898 Signum
387 2835 510 2880 manus
522 2815 715 2881 Coenirithi
730 2817 875 2880 comitis
920 2817 958 2897 ›1‹
976 2815 1053 2896 Ego
1065 2815 1281 2894 Theodorus,

227 2917 341 2999 gratia
355 2915 411 2980 dei
424 2917 714 3000 archiepiscopus
728 2916 941 2981 confirmaui.
998 2915 1038 2997 ›1‹
1060 2916 1137 2998 Ego
1153 2913 1280 2980 Saxul-

228 3017 284 3082 fus
299 3017 481 3101 episeopus
499 3018 699 3101 subscripsi.
756 3019 796 3098 ᾧ
818 3017 895 3100 Ego
916 3016 1077 3082 Bosellus
1100 3016 1282 3101 episcopus

228 3117 426 3202 subscripsi.

680 3412 842 3478 XXIII.

371 3565 391 3607 *
416 3559 713 3627 AETHILRED
739 3559 804 3624 OF
827 3559 1036 3640 MERCIA,
1058 3561 1135 3626 681.

285 3730 323 3810 ›1‹
347 3727 392 3792 Iu
409 3727 546 3792 nomine
568 3725 698 3790 domini
720 3725 776 3788 dei
798 3725 907 3790 nostri
922 3725 1005 3790 Iesu
1020 3726 1150 3792 Christi
1165 3727 1280 3792 salua·

229 3830 338 3894 toris!
392 3828 491 3892 Nihil
513 3826 705 3904 intulimus
729 3832 770 3890 ut
789 3827 1017 3908 apostolicum
1040 3836 1189 3893 testatur
1203 3847 1281 3892 ora-

230 3929 357 4007 culum,
369 3929 405 3991 in
415 3927 506 3991 hunc
517 3927 694 4004 mundum,
708 3946 829 3990 uerum
843 3947 906 3991 nec
918 3927 1052 3994 auferre
1064 3928 1146 4012 quid
1158 3948 1280 4011 possu-

230 4047 327 4109 mus;
352 4028 476 4092 iccirco
498 4029 643 4092 terrenis
668 4047 709 4090 ac
732 4027 871 4091 caducis
895 4037 1036 4093 aeterna
1059 4036 1093 4092 et
1119 4049 1282 4094 mansura

232 4130 416 4194 mercanda
442 4135 535 4192 suut.
611 4128 833 4210 Quapropter
868 4148 933 4210 ego
961 4127 1190 4194 Aethelredus
1219 4151 1282 4194 rex

235 4229 456 4308 Muciorum,
471 4234 614 4312 rogatus
631 4248 652 4292 a
668 4228 813 4310 patricio
835 4249 911 4293 meo
934 4219 974 4294 et¹
991 4231 1184 4314 propinquo
1206 4251 1283 4294 meo
