3112 5032
448 449 622 495 cunnrnn
645 448 982 496 nncnosnxourcnn.
1173 433 1241 497 205

186 625 210 670 a
225 604 399 688 praefecto
419 624 496 668 meo
511 606 680 669 uocabulo
697 606 843 684 Brome,
864 615 902 671 ut
920 605 1072 690 aliquam
1091 607 1244 672 liberali-

186 711 295 770 tatem
316 704 389 769 eius
412 704 599 768 aecclesiae
614 725 703 788 quae
725 707 793 770 sita
815 714 868 771 est
889 707 926 769 in
945 707 1022 771 loco
1041 708 1245 772 ubidicitur

189 806 410 888 Uuoccingas
431 805 664 883 concederem,
680 805 771 889 quod
788 813 824 870 et
837 807 985 870 libenter
1007 806 1120 870 facere
1143 807 1244 872 iuxta

185 921 304 969 'eorum
322 906 524 988 petitionem
535 905 682 987 prouidi‚
695 913 730 970 et
741 926 803 988 pro
819 905 1017 988 expiatione
1027 907 1242 988 piaculorum

187 1024 341 1068 meorum
366 1005 506 1069 domino
529 1004 653 1068 deuote
676 1006 821 1087 largitus
847 1025 936 1082 sum,
958 1012 993 1069 et
1016 1013 1056 1068 ut
1078 1008 1244 1070 memoria

188 1105 336 1170 nominis
359 1107 427 1168 mei
447 1103 539 1187 apud
554 1105 697 1168 eandem
715 1103 916 1175 aecclesiam
931 1125 995 1187 pro
1009 1104 1149 1170 domino
1164 1125 1243 1189 per-

187 1205 372 1288 petualiter
394 1211 602 1287 perseueret.
625 1203 725 1268 Haec
747 1212 801 1269 est
823 1225 907 1287 crgo
929 1204 1087 1287 praelata
1105 1204 1243 1269 munifi·

187 1306 302 1369 centia
312 1324 416 1387 quam
431 1307 468 1368 in
482 1312 639 1386 posteros
651 1306 857 1386 protelatam
872 1307 1010 1370 decreui
1025 1311 1093 1369 xx.
1103 1313 1241 1370 tantum

187 1405 402 1469 manentium
415 1405 452 1468 in
467 1405 544 1469 loco
559 1405 595 1468 in
610 1424 680 1487 quo
694 1405 779 1469 illud
791 1407 1039 1470 monasterium
1054 1406 1159 1469 situm
1175 1414 1241 1483 est,

187 1513 228 1570 ut
242 1507 372 1588 absque
386 1504 631 1588 impedimento
650 1505 880 1578 saecularium
900 1505 1117 1587 negotiorum
1131 1525 1172 1569 ac
1187 1526 1241 1570 re-

188 1605 317 1686 galium
343 1606 562 1682 tributorum,
585 1605 661 1669 siue
687 1595 944 1688 expeditionum
969 1613 1032 1669 aut
1051 1606 1242 1670 iussionum

187 1705 455 1786 incognitarum,
468 1706 533 1769 soli
547 1704 685 1769 domino
700 1706 866 1782 seruiens,
880 1712 1002 1769 sancta
1017 1707 1242 1788 congregatio

188 1805 272 1868 iuris
281 1803 335 1868 sni
344 1825 385 1868 ac
399 1805 645 1869 dominationis
656 1810 829 1888 potestate
841 1806 982 1889 propria
992 1825 1063 1869 non
1074 1807 1241 1887 priuetur.

189 1905 228 1969 Si
250 1905 328 1988 quis
346 1925 430 1969 uero
449 1906 539 1968 hanc
560 1903 772 1987 praedictam
790 1906 1032 1970 liberalitatem
1047 1913 1241 1971 ¹'extraneo'

190 2026 277 2082 rum,
291 2006 365 2069 siue
386 2024 507 2088 regum
529 2005 603 2068 siue
624 2005 775 2069 iudicum
794 2007 851 2070 uel
866 2006 970 2069 etiam
984 2006 1190 2089 principum,
1204 2007 1241 2070 in

189 2105 323 2170 modico
353 2113 412 2169 s'eu
438 2106 475 2169 in
501 2124 628 2187 magno
658 2106 791 2170 irritam
820 2106 944 2169 ducere
973 2113 1034 2169 aut
1054 2105 1243 2188 infringere

190 2203 423 2289 temptauerit,
437 2205 527 2270 sciat
541 2224 578 2270 se
592 2207 629 2268 in
643 2225 770 2288 magno
783 2205 901 2269 iudicii
914 2206 970 2269 die
991 2205 1184 2270 districtam
1198 2225 1241 2271 ac

189 2305 448 2370 tremebundam
463 2325 579 2370 coram
593 2304 732 2370 Christo
755 2311 859 2388 atque
882 2306 1014 2387 angelis
1037 2307 1110 2370 eius
1126 2307 1242 2370 subire

189 2406 408 2470 sententiam.
444 2404 573 2470 Actum
588 2405 724 2488 publice
740 2425 781 2469 ac
796 2403 1036 2470 confirmatum
1050 2405 1087 2468 in
1101 2405 1243 2489 regione

190 2505 440 2588 Suthreg'eona,
459 2507 546 2570 uilla
567 2506 688 2588 regali,
712 2507 849 2570 nomine
874 2506 1136 2582 Freorioburna,
1160 2525 1243 2569 con-

189 2607 417 2670 sentientibus
436 2626 508 2671 una
529 2625 663 2670 mecum
683 2625 724 2670 ac
746 2607 989 2671 roborantibus
1013 2604 1146 2670 idoneis
1171 2605 1242 2670 t'es-

190 2706 282 2770 tibus
305 2725 352 2770 ac
379 2706 603 2790 principibus,
627 2726 774 2789 quorum
800 2707 939 2771 nomina
967 2704 1058 2768 infra
1079 2712 1243 2770 tenentur

191 2807 370 2889 asscripta.
1216 2817 1218 2824 ⁴
1239 2845 1243 2858 ι

194 2943 197 2949 -
245 2906 284 2987 ›1‹
300 2906 376 2988 Ego
392 2904 482 2983 Offa,
495 2908 592 2988 regia
606 2906 776 2989 dignitate
792 2905 969 2988 praeditus
991 2905 1081 2969 hanc
1103 2903 1241 2970 donati*-

190 3025 290 3070 onem
305 3007 394 3069 ame'
406 3006 656 3084 confirmatam,
674 3025 779 3070 manu
799 3006 939 3090 propria
959 3027 1022 3090 per
1043 3006 1155 3070 crucis
1170 3005 1242 3088 'siga

190 3126 273 3169 num
286 3106 500 3170 confirmaui.
542 3109 580 3189 ›1‹
596 3106 741 3189 Signum
754 3125 878 3170 manus
890 3107 1049 3172 Brordan
1064 3105 1242 3191 praefecti.

195 3205 234 3286 ›1‹
250 3205 394 3288 Signum
416 3209 540 3270 manus
563 3206 986 3290 Berhtuualdi'principis.
1043 3208 1082 3288 >1⁴
1095 3207 1242 3287 'Signum

190 3325 314 3370 manus
330 3306 450 3390 Bryni.
508 3309 550 3388 ›1‹
565 3306 709 3390 Signum
724 3325 848 3371 manus
862 3295 1008 3371 Aldh'eri
1019 3305 1166 3370 comitis.
1239 3333 1243 3364 ι

626 3599 808 3665 CLXIX.

498 3745 726 3826 HEADDA,
748 3749 940 3816 781-798.

241 3893 280 3974 ›1‹
292 3891 450 3958 Sancum
468 3916 617 3979 namque
630 3898 780 3963 lauentis
795 3907 951 3984 tempora
966 3900 1086 3982 [sicut]
1103 3901 1243 3966 umbrae

192 3989 366 4075 fugientes
380 3993 546 4060 uelociter
560 4005 713 4077 tranant,
728 4001 892 4082 uarieque
907 4001 1068 4063 euentum
1080 4003 1193 4064 status
1208 4002 1244 4065 iii

191 4092 420 4174 cogitationes
435 4095 613 4161 hominum
629 4100 884 4178 conscendunt3
902 4098 979 4163 ideo
994 4101 1113 4165 omnes
1128 4101 1243 4164 firmas
1353 4151 1356 4155 s

191 4191 398 4258 statutiones
436 4203 573 4262 nostras
600 4198 792 4263 litterarum
822 4200 909 4264 serie
935 4200 1180 4282 confirmamus,
1200 4203 1244 4282 ne
1337 4217 1339 4222 ·
