3188 5032
495 402 668 450 cusum
696 403 1036 455 ANGLOSAXONIGAE.
1247 389 1291 454 39

236 561 339 638 nabo,
378 581 419 625 eo
457 561 605 644 amplius
639 568 675 625 et
708 563 813 638 altius
847 551 962 629 corani
994 563 1060 628 deo
1095 563 1285 641 adcrescat,

237 661 477 726 terramillam
495 663 533 726 in
550 661 743 726 libertatem
762 665 870 729 totius
893 664 1113 747 reipuplicae,
1136 663 1201 728 hoe
1221 670 1286 743 est,

238 761 274 825 in
300 763 540 845 uectigalibus,
563 763 600 826 in
624 765 913 847 expeditionibus
939 767 974 830 in
1000 766 1171 848 operibus,
1194 766 1288 830 etin

239 864 397 926 omnibus
421 866 522 929 rebus
551 865 742 929 concedens
770 867 917 931 libenter
943 866 1091 931 donabo.
1144 864 1287 949 Augen-

238 964 331 1028 tibus
359 963 449 1028 bane
477 965 699 1031 donationem
727 987 790 1050 pro
822 967 962 1032 domino
989 967 1129 1044 factam,
1157 973 1287 1050 augeat

237 1063 322 1128 deus
344 1066 436 1131 bona
458 1066 573 1148 illius;
599 1067 828 1133 diminuentes
850 1075 967 1132 autem
993 1068 1134 1132 damnet
1161 1074 1196 1133 et
1223 1068 1286 1130 mi-

237 1173 321 1230 nuet
345 1187 491 1250 regnum
516 1174 552 1233 et
580 1169 773 1251 potentiam
796 1169 869 1234 eius
894 1176 929 1234 et
957 1168 1013 1233 bic
1041 1175 1077 1234 et
1104 1169 1141 1231 in
1168 1167 1286 1232 futuro

236 1267 386 1333 saeculo.
437 1266 562 1333 Amen.
615 1268 694 1333 Hec
722 1277 838 1334 autem
867 1276 947 1334 acta
971 1276 1025 1334 est
1052 1288 1145 1333 anno
1169 1270 1213 1333 ab
1232 1268 1286 1332 iu-

235 1369 436 1433 carnatione
461 1369 591 1433 domini
605 1370 715 1434 nostri
738 1370 820 1435 Iesu
843 1369 988 1434 Christi.
1010 1386 1288 1434 ucxc11.coram

236 1466 290 1530 his
303 1469 450 1532 testibus
465 1469 556 1533 infra
570 1470 719 1552 scriptis,

292 1569 331 1649 ›1‹
359 1569 436 1650 Ego
461 1567 648 1634 Aethelred
671 1590 734 1634 rex
753 1570 843 1634 hanc
866 1570 1089 1635 donatiouem
1108 1589 1186 1635 mea
1206 1589 1286 1652 pro-

235 1667 312 1750 pria
341 1689 447 1733 manu
480 1673 707 1736 corroborans
732 1671 930 1754 subscripsi.
987 1672 1026 1752 ›1‹
1055 1672 1131 1753 Ego
1160 1671 1287 1736 Berht·

235 1770 352 1847 uuald,
369 1772 483 1853 gratia
497 1771 552 1836 dei
565 1772 854 1855 archiepiscopus,
866 1772 1023 1836 consensi
1036 1780 1072 1836 et
1086 1773 1285 1855 subscripsi.

240 1870 279 1950 ›1‹
308 1871 384 1954 Ego
419 1872 579 1954 Egnuine
614 1874 795 1957 episcopus
828 1873 987 1937 consensi
1015 1879 1050 1937 et
1086 1873 1285 1955 subscripsi.

238 1965 277 2045 *1⁴
300 1973 377 2055 Ego
404 1971 629 2038 Aetbilheard
654 1975 871 2038 consensi‘et
895 1974 1094 2056 subscripsi.
1148 1968 1187 2048 »Β
1210 1974 1287 2056 Ego

236 2071 485 2138 Aethiluueard
508 2076 667 2140 consensi
685 2083 720 2140 et
741 2076 939 2158 subscripsi.
994 2069 1033 2149 *1⁴
1058 2073 1203 2138 Haelric
1224 2075 1285 2139 ab·

235 2176 309 2238 bas.
362 2169 401 2249 *1⁴
439 2174 516 2258 Ego
553 2175 779 2241 Aethelberbt
818 2175 978 2240 consensi
1019 2184 1053 2240 et
1087 2175 1287 2258 subscripsi.

237 2270 276 2350 *1⁴
300 2275 429 2340 Pebtat
444 2277 562 2342 abbas.
616 2272 655 2352 »Β
677 2277 754 2359 Ego
778 2275 954 2341 Aethelric
976 2277 1136 2343 consensi
1151 2284 1187 2340 et
1207 2278 1288 2340 sub-

236 2375 369 2457 scripsi.
425 2368 464 2448 »Β
486 2376 629 2442 Taebba
657 2378 775 2440 abbas
829 2371 868 2451 »Β
892 2377 969 2457 Ego
997 2376 1173 2441 Osuuidus
1203 2396 1285 2440 con-

236 2477 329 2539 sensi
351 2482 386 2539 et
405 2477 604 2560 subscripsi.
659 2471 698 2551 *1⁴
721 2477 903 2541 Eaduuald
928 2479 1099 2559 princeps
1153 2471 1192 2551 *1⁴
1208 2477 1285 2558 Ego

235 2575 411 2640 Scestbere
425 2579 583 2641 consensi
605 2585 641 2642 et
657 2579 855 2661 subscripsi.
910 2571 949 2651 *1⁴
973 2577 1172 2642 Uualdhere
1191 2596 1288 2660 pres-

233 2677 333 2742 biter.
409 2672 448 2752 *1⁴
486 2679 563 2760 Ego
600 2679 778 2745 Eadberht
814 2679 973 2745 consensi
1013 2685 1049 2743 et
1085 2678 1284 2762 subscripsi.

238 2772 277 2852 ’Β
300 2778 495 2847 Pineuuald
510 2779 694 2846 exorcista.
1265 2781 1269 2785 ’

698 2955 819 2968 ...—..-

672 3063 849 3130 xxxv.

413 3188 722 3311 ourfflmrno,
746 3229 881 3310 Maron,
895 3229 961 3294 eea
976 3231 1106 3296 oreos.

290 3384 329 3464 ›1‹
358 3381 403 3446 ΙΝ
421 3382 557 3447 nomine
572 3378 862 3466 diri.i'1.Ibu.xpi.
878 3379 1062 3444 saluatoris
1114 3378 1285 3457 Quotiens

234 3485 303 3548 siis
332 3504 373 3548 ac
396 3483 619 3548 uenerabilib:
647 3482 732 3546 loeis
759 3481 884 3544 uestris
913 3479 1056 3564 Aliquid
1086 3479 1207 3543 offerre
1231 3478 1284 3540 ui-

234 3585 355 3648 demur
374 3584 503 3649 Uestru
522 3585 621 3648 uobis
636 3582 807 3646 reddimus
829 3601 899 3645 non
921 3588 1040 3645 nostra
1056 3578 1196 3660 Largim
1222 3625 1282 3642 ...

235 3685 458 3769 Quapropter
487 3705 552 3768 ego
582 3683 794 3747 Hodilredus
823 3700 948 3766 parens
984 3680 1079 3746 sebbi
1104 3678 1283 3763 prouincia

235 3786 557 3852 Eastsexanorum.
591 3782 679 3848 Cum
705 3783 813 3866 ipsius
842 3801 1013 3847 consensu
1045 3781 1187 3864 propria
1219 3798 1282 3843 uo-

235 3887 370 3953 luntate
388 3885 483 3951 Sana
496 3892 611 3950 mente
632 3885 803 3968 integroq:
828 3882 972 3948 consilio
987 3881 1067 3946 Tibi
1081 3880 1282 3962 bedilburge

233 3989 430 4053 abbatissae
459 3985 515 4051 Ad
546 3993 770 4068 augmentum
797 3982 997 4049 monasterii
1025 3981 1077 4048 tui
1110 4000 1199 4065 quae
1229 3981 1281 4045 di-

233 4089 324 4154 citur
339 4087 587 4153 Beddanhaam
604 4135 612 4151 .
635 4085 882 4169 perpetualiter
894 4083 995 4149 trado
1010 4082 1102 4149 etde
1116 4081 1281 4146 meoiure

232 4189 269 4253 in
295 4196 356 4255 tuo
384 4189 593 4254 transscribo
620 4194 747 4252 terram
777 4186 877 4267 Quae
908 4185 1103 4269 appellatur
1132 4183 1281 4266 ricinga·
