3188 5032
459 446 632 495 enarras
654 445 997 494 nneaosnxonroaa.
1189 431 1256 498 123

200 622 329 686 rogans
342 603 448 682 dono,
457 611 498 668 ut
512 604 558 669 sit
572 603 817 669 aecclesiastici
830 603 915 668 iuris
929 610 1103 687 potestate
1117 604 1256 670 subdita

201 705 237 768 in
262 711 490 787 perpetuum
520 723 697 787 nunquam
722 724 787 788 ego
812 704 996 786 nullusque
1018 722 1256 771 successorum

202 824 356 870 meorum
379 811 502 870 contra
520 805 610 870 hanc
632 804 829 870 donationis
851 804 1115 888 descriptionem
1137 807 1256 871 uenire

203 905 437 987 temptauerit.
488 903 592 984 Quod
611 904 642 968 si
661 905 739 988 quis
761 905 826 969 hoc
848 905 1105 988 praesumserit,
1119 907 1257 971 nouerit

202 1025 240 1068 se
264 1005 302 1069 in
323 1004 488 1069 destricto
512 1004 672 1069 examine
694 1004 833 1069 domino
848 1005 1018 1070 rationem
1032 1005 1253 1083 reddendam,

204 1105 346 1188 insuper
359 1123 437 1170 cum
452 1104 649 1187 raptoribus
661 1105 880 1170 insolubilem
894 1106 1010 1170 subire
1024 1106 1245 1172 sententiam.

684 1400 769 1466 cn.

278 1552 300 1596 *
323 1518 602 1616 sisennas
629 1549 694 1616 or
719 1549 824 1616 raa
848 1547 1191 1629 numerarer.

256 1704 296 1785 ᾖ
318 1701 523 1767 arenam
550 1700 793 1785 inperpetuum
818 1700 959 1766 domino
983 1699 1049 1765 deo
1079 1699 1253 1766 Sabaoth!

208 1805 319 1887 [Dum
334 1809 466 1866 eertum
480 1808 618 1867 constat
632 1802 791 1867 omnibus
806 1800 1010 1866 orthodoxis
1028 1819 1070 1864 ac
1081 1800 1260 1864 catholicis

206 1904 304 1982 uiris,
327 1901 419 1985 quod
443 1902 544 1966 istius
566 1901 728 1967 uolubilis
757 1903 852 1966 uitae
875 1901 1078 1966 transitoria
1100 1899 1263 1965 uidelicet

207 2011 364 2087 tempora
401 2003 651 2067 momentaneis
687 2003 847 2066 cursibus
886 2002 1035 2066 termino
1076 2001 1261 2084 adpropin-

208 2123 326 2188 quare,
342 2109 378 2168 et
389 2102 640 2167 inreuocabiles
655 2121 731 2166 esse
743 2103 813 2166 iam
827 2102 1006 2184 praeteriti
1015 2101 1101 2180 dies,
1111 2120 1176 2166 nec
1190 2120 1260 2166 non

209 2224 379 2270 annorum
400 2202 572 2268 curricula
585 2221 664 2266 cum
678 2202 750 2266 suis
765 2202 940 2270 mensibus
963 2203 1000 2265 in
1020 2201 1170 2284 priorem
1187 2209 1259 2266 sta-

210 2313 283 2370 tum
306 2322 483 2385 nunquam
509 2302 638 2366 reuerti
663 2302 802 2366 anullo
827 2301 1039 2365 credentium
1061 2301 1259 2382 dubitatur3

210 2413 245 2472 et
261 2412 398 2468 caetera
408 2421 498 2485 quae
511 2409 647 2467 restant
657 2401 902 2484 subsequentia
916 2400 1047 2464 nullam
1058 2400 1171 2466 iacere
1186 2419 1260 2465 mo-

209 2525 282 2570 ram
310 2502 506 2568 festinando
531 2502 576 2566 ad
603 2501 706 2566 finem
733 2507 919 2585 procerte
946 2508 1146 2565 noscuntur.
1200 2500 1260 2565 Id-

208 2607 300 2671 circo
315 2623 380 2686 ego
395 2601 628 2681 Eanberhtus,
646 2602 712 2666 deo
731 2601 1012 2683 praedestinante
1026 2601 1168 2683 regulus
1180 2619 1261 2684 pro·

208 2707 305 2788 priae
324 2703 439 2786 gentis
454 2694 708 2782 Huiceiorum]¹
729 2701 900 2784 simulque
922 2701 1078 2784 germani
1099 2701 1168 2764 mei
1189 2719 1262 2765 me-

208 2826 298 2882 cum,
315 2803 492 2869 Uhtredns
511 2802 673 2868 uidelicet
695 2807 731 2865 et
752 2799 939 2880 Aldredus,
961 2801 1080 2866 eadem
1102 2801 1263 2866 uocabuli
1308 2795 1315 2808 '

209 2905 380 2988 dignitate
393 2910 430 2969 et
441 2903 585 2986 imperio
595 2902 793 2985 iungentes,
807 2901 876 2984 [his
889 2909 971 2966 ante
985 2901 1089 2966 dictis
1100 2900 1263 2966 manifes-

210 3005 352 3070 tissimis
363 3004 479 3068 causis
487 3003 660 3081 instructi,
673 3003 836 3086 quatinus
852 3021 931 3066 cum
943 3001 1020 3066 istis
1028 3001 1262 3066 saecularibus

210 3107 313 3170 rebus
339 3122 430 3187 quae
451 3103 553 3169 citius
575 3105 724 3168 transire
746 3109 923 3180 constant,
946 3109 1088 3167 aeterna
1111 3102 1264 3184 paradisi

211 3204 365 3289 praemia
376 3222 466 3288 quae
476 3203 685 3286 sempiterna
695 3203 1038 3268 essescimuslucrari
1044 3196 1264 3283 ualeamusF,

212 3307 366 3388 aliquam
381 3303 486 3386 agelli
500 3303 706 3387 portionem,
718 3323 782 3385 pro
797 3303 947 3368 remedio
962 3303 1097 3368 animae
1111 3309 1265 3380 nostrae,

202 3405 363 3471 Milredo
383 3403 584 3469 uenerando
604 3403 763 3481 antistiti,
777 3403 821 3468 ad
846 3403 962 3468 sedem
983 3402 1215 3486 pontificalem
1229 3409 1265 3467 et

213 3506 258 3572 ad
280 3504 482 3570 aecclesiam
497 3503 688 3570 beatissimi
712 3502 949 3586 apostolorum
966 3501 1133 3584 principis
1145 3501 1265 3566 Sancti
1298 3567 1303 3576 ,

214 3605 324 3684 Petri,
332 3604 392 3671 ubi
405 3610 742 3689 corpora-parentum
755 3609 952 3683 nostrornm
965 3601 1158 3684 quiescunt,
1174 3617 1265 3684 quae

213 3706 250 3771 in
266 3706 506 3789 Uuegernensi
516 3705 658 3770 ciuitate
671 3702 818 3768 fundata
833 3709 961 3781 astoer
975 3702 1083 3767 denos
1097 3708 1265 3779 cassatos,

213 3807 249 3871 id
276 3814 342 3884 est,
354 3806 470 3871 uicum
494 3805 554 3888 qui
577 3810 798 3888 nuncupatur
819 3801 1050 3885 Tredingtun,
1072 3803 1109 3866 in
1132 3801 1266 3866 duobus

213 3907 311 3986 loeis,
325 3907 362 3971 in
375 3907 489 3972 altero
499 3912 626 3989 quater
637 3923 751 3982 senos,
767 3904 805 3968 in
824 3903 934 3969 altero
952 3903 1005 3966 bis
1023 3910 1152 3979 ternos,
1167 3902 1268 3967 iuxta

252 4089 260 4120 ¹
275 4093 325 4142 For
331 4090 462 4142 tbewhole
473 4104 582 4154 passage
596 4087 716 4139 included
769 4085 873 4136 cedente
881 4084 1078 4148 clementia,ego
1085 4084 1223 4148 Eanberht,
1229 4101 1268 4135 re-

215 4163 329 4213 between
351 4163 479 4231 brackets,
489 4162 532 4212 the
547 4160 639 4210 mcond
650 4174 716 4220 copy
769 4156 845 4220 gulas
851 4156 967 4217 propriae
975 4155 1057 4217 gentis
1067 4155 1261 4208 Huioeiorums’

214 4234 365 4286 substitutas
380 4233 424 4283 tbe
434 4232 529 4296 words,
539 4231 638 4281 “cuins
657 4245 715 4280 oon·
802 4224 943 4289 ¹lllauting
953 4225 980 4275 in
990 4226 1083 4277 second
1095 4225 1152 4276 MS.
