3112 5032
325 413 393 490 216
576 435 749 485 cusoria
771 437 1115 488 suenosnxourcnn.

329 599 484 674 liberam,
493 603 630 679 praeter
638 591 891 678 expeditionem
903 604 938 661 et
947 598 1145 661 muniminis
1156 605 1261 681 atque
1271 600 1389 682 pontis

331 699 578 782 operationem,
609 697 755 760 libenter
784 696 965 780 impendo;
998 697 1088 763 hanc
1117 699 1390 766 munificentiam

330 797 504 880 largitatis
524 816 616 861 anno
638 796 829 860 dominicae
843 797 1093 862 incarnationis
1109 815 1224 862 nocer.
1243 800 1294 863 sic
1307 820 1387 882 per·

330 900 504 980 stringens
518 903 558 961 ut
572 915 673 960 nemo
696 915 931 960 successorum
953 905 1150 962 nostrorum
1176 898 1250 962 sine
1264 900 1318 963 ira
1330 899 1387 966 dei

332 999 463 1063 uiolare
478 1003 688 1079 praesumat.
741 996 788 1059 Et
804 996 889 1061 haec
903 1004 984 1061 sunt
1000 999 1141 1062 testium
1156 999 1297 1062 nomina
1313 1001 1391 1085 api-

332 1100 429 1163 cibus
444 1097 622 1162 literarum
637 1096 811 1160 adiuncta
1359 1153 1363 1160 ,
1383 1177 1388 1182 ¹

344 1239 347 1246 ·
387 1201 426 1280 ›1‹
441 1198 518 1280 Ego
528 1196 691 1261 Cinebert
700 1197 968 1280 circumspector
981 1198 1224 1262 aecclesiarum
1238 1199 1306 1264 dei.
1341 1204 1382 1284 ›1‹

331 1299 408 1380 Ego
423 1296 615 1362 Uuihtberd
631 1296 822 1380 episcopus.
874 1299 914 1379 >1⁴
928 1296 1005 1379 Ego
1021 1297 1203 1363 Uuihtserii
1219 1300 1387 1364 minister.

337 1401 376 1480 ›1‹
392 1399 468 1480 Ego
498 1396 599 1460 Lulla
621 1396 824 1478 praefectus.
882 1398 922 1478 »1⁴
937 1397 1014 1480 Ego
1038 1398 1144 1462 Muca
1167 1400 1283 1462 abbas.
1342 1402 1384 1482 ᾧ

332 1497 409 1580 Ego
425 1496 640 1562 Uuihtbrord
654 1497 857 1579 praefectus.
916 1499 954 1578 ›1‹
972 1497 1049 1578 Ego
1059 1497 1217 1563 Osmund
1231 1499 1391 1581 praelecs

331 1606 398 1662 tus.
452 1597 552 1662 Haec
567 1603 649 1660 sunt
664 1597 850 1674 territoria,
865 1604 929 1661 etc.
1385 1655 1389 1661 .

383 1697 488 1760 Hanc
520 1697 688 1761 cartulam
726 1696 875 1762 reddidit
911 1696 1075 1762 Eadburh
1106 1699 1149 1763 ad
1185 1701 1392 1766 aecclesiam

332 1796 624 1878 Glastingensem.

745 2141 969 2208 cnxxrx.

538 2284 809 2382 conrnune
833 2317 897 2381 os
922 2315 1131 2396 meacm,
1154 2317 1230 2383 sol.

389 2490 648 2574 &Raetiarum
668 2497 704 2556 et
723 2490 911 2556 adiuuante
929 2510 993 2555 nos
1015 2492 1080 2556 deo
1102 2499 1138 2557 et
1153 2491 1292 2558 domino
1307 2513 1391 2566 nosff

333 2599 388 2656 tro
404 2591 510 2654 Ihesu
535 2590 696 2655 Christo!
755 2592 832 2673 Ego
858 2591 1083 2668 Coenuulfus,
1108 2593 1222 2674 gratia
1247 2593 1302 2656 dei
1325 2615 1390 2666 rer

333 2691 555 2768 Marciorum,
571 2710 663 2755 anno
675 2694 711 2756 v⁰
724 2691 859 2774 imperii
874 2692 996 2769 nostri,
1009 2711 1079 2755 una
1095 2711 1172 2757 cum
1188 2691 1294 2757 fratre
1309 2713 1389 2766 meo

333 2789 504 2869 cudredo,
534 2811 616 2873 rege
647 2792 779 2856 scilicet
810 2791 1089 2869 Cantuariorum,
1115 2793 1205 2856 dabo
1234 2793 1271 2857 in
1307 2813 1388 2876 pere

332 2900 474 2975 petuam
503 2890 755 2974 possessionem
783 2890 967 2969 Suidhune,
995 2899 1115 2958 nostro
1143 2893 1387 2984 incommune

332 2993 501 3069 ministro,
530 2991 700 3056 modicam
723 2991 856 3056 telluris
889 2992 1094 3074 portionem,
1122 2993 1226 3056 trium
1254 2994 1389 3060 scilicet

333 3099 539 3169 aratrorum,
563 3093 622 3156 ubi
645 3093 842 3156 nominatur
862 3099 918 3179 aet
942 3091 1214 3174 Bromgehaege,
1238 3094 1275 3156 in
1304 3115 1385 3177 pro-

333 3192 444 3255 uintia
459 3190 618 3270 Cantiae,
632 3193 782 3256 etunius
797 3191 905 3256 aratri
926 3192 1140 3256 adiacentem
1163 3193 1274 3257 altera
1293 3201 1390 3261 terra

332 3290 424 3374 quod
435 3298 580 3356 uocatur
591 3290 822 3377 Aetiluulfing
835 3291 929 3369 lond,
950 3292 1084 3356 adiecto
1107 3312 1177 3357 uno
1200 3295 1388 3376 piscatorio

332 3413 379 3456 on
398 3391 557 3454 Taemise
578 3391 685 3455 fluuio
713 3393 772 3456 ubi
797 3391 923 3456 dicitur
947 3390 1123 3470 Fiscnaes,
1146 3394 1289 3458 adiectis
1312 3413 1383 3460 1111.

332 3492 490 3555 denberis
511 3492 547 3555 in
567 3511 745 3556 commune
758 3493 862 3569 saltu,
877 3492 912 3555 id
926 3498 980 3556 est
994 3497 1040 3557 on'
1055 3490 1269 3558 Gestersetta
1282 3497 1385 3560 uual-

332 3592 389 3668 da,
403 3591 457 3654 his
471 3591 556 3655 locis
576 3600 634 3656 aet
656 3592 905 3671 Otansihtre,]
924 3599 981 3655 aet
996 3591 1270 3677 Crangabyrum,
1286 3611 1305 3674 Ἰ
1326 3605 1385 3666 aet

334 3691 619 3774 Frecinghyte,]
647 3698 704 3756 aet
730 3691 985 3769 Haeseidenne,
1009 3693 1187 3774 praedicto
1209 3694 1298 3771 uiro,
1327 3697 1385 3760 uel

332 3781 406 3855 eius
434 3791 581 3873 posteris
604 3793 669 3856 sub
693 3800 860 3875 perpetua
880 3791 1040 3857 libertate
1061 3793 1291 3871 concedimus,
1305 3814 1385 3860 cum

332 3892 491 3956 omnibus
505 3891 549 3954 ad
564 3911 602 3956 se
616 3892 867 3975 pertinentibus
890 3892 1004 3969 rebus,
1017 3912 1080 3974 pro
1090 3894 1164 3957 eius
1178 3894 1384 3977 beneplace-

328 3992 400 4056 bile
414 3992 560 4074 pecunia
573 3992 675 4057 simul
689 3999 726 4056 et
738 3992 855 4057 deuoti
867 3991 1053 4056 famulatus
1068 3994 1124 4057 sui
1138 3994 1327 4076 patientia;
1343 4005 1385 4062 ut

328 4091 458 4156 'habeat
471 4097 507 4156 et
515 4092 690 4174 possideat
699 4092 860 4175 quamdiu
871 4091 970 4156 uiuat
983 4100 1018 4156 et
1026 4100 1113 4175 post
1121 4113 1158 4157 se
1169 4095 1225 4159 cui
1233 4095 1384 4167 noluerit

332 4191 505 4273 relinquat
527 4192 563 4256 in
588 4193 830 4274 sempiternam
859 4192 1123 4275 possessionem,
1152 4214 1192 4258 eo
1222 4195 1385 4262 uidelicet
