3112 5032
329 411 395 476 224
582 421 755 471 chanun
778 421 1118 472 Auchosaxomcan.

331 583 396 648 Ille
411 589 525 646 antem
543 579 772 663 respondebat
787 599 824 644 se
838 588 874 644 et
888 580 979 644 uelle
992 588 1027 645 et
1037 582 1161 646 debere
1174 581 1211 646 in
1223 585 1381 648 omnibns

329 683 403 748 eius
423 701 543 765 parere
564 681 779 764 praeceptis3
803 678 868 744 hoc
883 680 985 745 modo
999 690 1115 745 tarum
1127 683 1164 745 in
1183 684 1382 749 testimonio

328 784 436 848 totius
451 780 563 845 sinodi
576 781 613 844 in
628 780 718 845 diem
733 781 807 844 eius
821 789 999 863 praestare
1014 789 1049 845 et
1064 801 1134 846 uon
1145 784 1292 867 amplius
1305 805 1314 864 3
1330 785 1384 848 id.

327 903 394 966 que
411 881 536 946 litteris
558 881 760 945 confirmare
786 887 826 945 ut
849 881 959 945 scient
982 901 1100 946 omnes
1120 882 1181 964 qui
1200 884 1275 947 eius
1298 892 1382 949 sunt

327 999 555 1058 successores,
591 980 684 1063 quod
715 981 790 1063 ipse
826 999 1002 1064 nunquam
1045 983 1254 1062 intermittit,
1286 985 1381 1066 quod

329 1079 590 1166 Uueogernensi
614 1081 801 1145 aecclesiae
822 1081 867 1146 ad
891 1081 1078 1145 utilitatem
1102 1089 1194 1147 recte
1216 1084 1380 1166 pertinet.

328 1181 428 1248 Haec
451 1188 565 1246 autem
588 1181 684 1264 pacis
709 1179 904 1245 conciliatio
927 1180 1020 1245 iacta
1045 1189 1099 1247 est
1118 1183 1182 1246 sub
1204 1183 1284 1248 die.
1308 1201 1381 1248 1111.

329 1283 432 1348 Idum
455 1282 670 1347 Octobrium.
732 1279 862 1345 Eodem
884 1281 940 1345 die
961 1283 998 1345 in
1026 1281 1131 1346 simili
1157 1285 1381 1349 contentione

237 1433 240 1440 .
326 1382 446 1468 placiti
474 1388 557 1446 sunt
579 1380 861 1445 Unerenberhtus
891 1381 1219 1446 mediterraneorum
1244 1382 1381 1467 Angla·

326 1483 606 1567 rumepiscopus,
615 1473 825 1546 et'Aldulfus
836 1479 1096 1546 [licetfeldensis
1105 1484 1255 1565 praesul,
1264 1485 1381 1568 Unig-

325 1584 469 1649 berhtus
491 1582 649 1646 similiter
670 1580 950 1645 Sciraburnensis
980 1583 1125 1646 antistes
1145 1589 1180 1646 et
1206 1581 1379 1649 Alhmun-

325 1685 390 1748 dus
407 1673 615 1749 Uuentanae
637 1689 758 1764 pastor
779 1681 966 1748 aecclesiae
989 1683 1059 1746 tale
1082 1682 1212 1766 aliquid
1233 1685 1325 1748 inter
1339 1697 1380 1750 se'

326 1784 505 1861 habenteS,
520 1801 638 1846 omnes
651 1782 695 1845 ad
718 1800 822 1846 uerae
844 1780 1071 1846 fraternitatis
1084 1802 1205 1866 pacem
1220 1785 1378 1864 adunati,

325 1889 552 1969 perrexerunt
563 1880 800 1965 unusquisque
809 1881 853 1944 ad
868 1901 977 1946 suam.
1029 1882 1117 1946 Erat
1127 1890 1242 1948 autem
1257 1885 1330 1948 dies
1343 1907 1377 1951 v.

326 1985 412 2050 seria
425 1989 460 2048 et
474 1982 523 2046 hii
537 1989 620 2046 sunt
633 1989 740 2046 testes
755 1981 857 2045 huius
871 1982 978 2064 pacis

379 2078 713 2166 ›1⁴Egerdiheard
727 2081 1004 2165 archiepiscopus
1017 2084 1188 2149 consensi.
1244 2087 1284 2167 »1⁴
1300 2086 1379 2169 Ego

325 2182 453 2248 Alduls
483 2183 676 2267 episcopus.
729 2175 773 2264 ’ᾧ
794 2181 871 2264 Ego
904 2183 1146 2248 Uuereuberht
1180 2185 1376 2269 episcopus.

331 2286 371 2366 »1⁴
392 2284 469 2366 Ego
499 2281 632 2346 Iladull
653 2282 847 2364 episcopus.
912 2284 952 2364 ᾧ
974 2283 1051 2365 Ego
1078 2284 1279 2349 Deneherht
1302 2289 1379 2369 epi-

324 2403 461 2467 scopus.
510 2385 549 2464 ›1‹
571 2382 647 2464 Ego
661 2380 815 2446 Alheard
838 2381 1029 2465 episcopus.
1083 2385 1122 2464 ›1‹
1143 2385 1220 2468 Ego
1234 2385 1377 2451 Tidferd

324 2484 518 2570 episcopus.
567 2484 609 2564 ᾖ
626 2482 703 2564 Ego
719 2481 916 2564 Uuigberht
929 2483 1119 2567 episcopus.
1374 2499 1377 2506 ’

784 2647 918 2658 ——

727 2782 966 2849 CLXXXV.

589 2929 986 3010 AETHELHEARD,
1008 2929 1084 2996 803.

372 3096 507 3145 enoam
534 3080 572 3144 in
597 3081 743 3145 excelsis
767 3079 812 3145 do
843 3087 878 3145 et
908 3081 945 3144 in
974 3086 1068 3144 terra
1095 3099 1169 3164 pax
1201 3080 1382 3147 hominihs

318 3181 434 3244 honae
447 3180 650 3248 uoluntatis.

203 3275 206 3282 “
325 3311 334 3318 -’
378 3282 418 3361 »1⁴
432 3279 565 3344 Scimus
590 3289 706 3346 autem
728 3277 820 3364 quod
842 3277 960 3345 multis
983 3279 1018 3343 in
1041 3277 1099 3344 dm
1121 3279 1267 3347 fideliter
1289 3301 1380 3346 con·-

321 3379 505 3445 fidentibus
518 3387 638 3445 notum
654 3387 690 3446 et
703 3381 924 3446 manifestum
938 3387 1001 3445 est.
1017 3387 1052 3445 et
1068 3380 1154 3445 nihil
1169 3388 1286 3450 tamen
1300 3383 1376 3448 illis

320 3480 491 3564 placabile
513 3480 549 3544 in
572 3500 614 3546 eo
640 3481 753 3545 uisum
774 3487 836 3545 est.
860 3479 919 3564 qui
941 3479 978 3544 in
1002 3480 1163 3563 gentihus
1188 3469 1372 3564 anglorum

321 3589 578 3672 commorantur
607 3581 699 3664 quod
727 3581 795 3646 offa
819 3600 883 3644 rex
906 3580 1032 3644 mercii>
1060 3581 1097 3645 in
1124 3581 1244 3645 diebus
1273 3580 1372 3646 iaan-

319 3679 433 3744 berhti
448 3679 575 3768 aicepis
587 3701 664 3746 cum
675 3677 827 3745 maxima
841 3680 962 3744 fraude
975 3680 1138 3748 honorem
1155 3671 1190 3745 et
1201 3669 1371 3747 unitatem

320 3779 412 3845 sedis
425 3780 476 3843 sii
490 3780 642 3864 agustini
657 3781 766 3864 patris
787 3781 898 3846 nostri
918 3781 956 3845 in
969 3781 1215 3846 dorouernensi
1227 3781 1373 3848 ciuitate

319 3880 473 3945 diuidere
498 3888 534 3945 et
558 3880 749 3945 discindere
773 3881 992 3965 praesumsit.
1014 3888 1050 3945 et
1073 3901 1143 3964 quo
1164 3881 1265 3946 modo
1289 3892 1372 3964 post

318 3981 450 4044 obitum
460 3982 617 4063 praedicti
629 3980 802 4063 pontificis
813 3980 1059 4046 aedelheardns
1070 3978 1199 4068 aiccpis
1209 3980 1244 4046 di
1255 3983 1373 4064 gratia

319 4079 463 4144 donanti
485 4081 577 4145 illius
604 4100 782 4156 successor
801 4089 882 4164 post
904 4081 1074 4146 curricula
1096 4100 1264 4146 annorum
1284 4102 1377 4166 erga·

291 4225 293 4230 ,
315 4178 464 4261 plurima
478 4179 515 4245 di
524 4182 746 4276 ecclesiarum
755 4182 833 4260 iura
842 4181 963 4262 limina
973 4182 1206 4264 apostolorum
1218 4190 1254 4248 et
1264 4200 1368 4266 apos·
