3112 5032
439 464 611 511 cHARTAE
635 463 977 512 Aucuosrxourcrn.
1165 445 1232 518 197

173 619 323 684 Bin‘nani
353 621 533 705 principis.
601 623 641 704 ›1‹
669 620 814 702 Signum
842 621 987 684 Esnnini
1018 620 1126 686 ducis.
1183 625 1223 706 ›1‹

171 720 317 802 Signum
330 718 521 785 Alhmundi
536 720 645 785 ducis.
703 722 743 803 ›1‹
764 719 907 802 Signum
920 721 1103 802 Uuigberti
1116 722 1226 788 ducis

176 822 215 903 ›1‹
238 820 382 903 Signum
405 820 650 885 Aethelmundi
672 821 780 884 ducis
838 822 877 903 ›1‹
898 821 1041 903 Signum
1073 823 1226 904 Eadgari

171 921 280 985 ducis,
347 923 386 1004 ›1‹
414 920 559 1002 Signum
589 920 799 984 Heardberti
835 921 943 984 ducis
1012 923 1051 1004 ›1‹
1080 922 1225 1003 Signum

169 1020 380 1084 -Ealhmundi
414 1020 524 1085 ducis.
602 1022 641 1103 ›1‹
678 1020 822 1101 Signum
865 1020 1071 1085 Cuthberhti
1114 1023 1224 1087 ducis.

176 1121 215 1202 ›1‹
233 1119 376 1202 Signum
399 1119 587 1185 Eadberhti
609 1120 717 1184 ducis.
773 1121 813 1202 ›1‹
833 1121 977 1204 Signum
1002 1120 1225 1186 Wulfheardi

170 1220 280 1284 ducis.
337 1222 376 1303 ›1‹
397 1219 542 1302 Signum
557 1219 698 1284 Ealheri
712 1220 822 1284 ducis

222 1319 423 1403 Perscripta
437 1327 491 1384 est
504 1326 619 1383 autem
641 1319 743 1383 huius
765 1320 960 1384 donationis
983 1320 1117 1384 cartula
1131 1339 1224 1384 anno

168 1419 361 1484 dominicae
375 1420 623 1485 incarnationis
643 1437 796 1484 ncoxcu
816 1419 1003 1485 indictione
1016 1438 1050 1486 v.
1070 1427 1106 1484 et
1126 1421 1226 1501 regni

169 1521 262 1601 regis
278 1519 393 1584 Offani
408 1535 529 1584 xxxv,
544 1521 609 1584 sub
636 1537 706 1584 1111.
728 1539 838 1584 nonas
863 1519 990 1599 Maias,
1012 1523 1049 1585 in
1073 1521 1151 1584 loco
1164 1521 1225 1603 qui

169 1619 295 1684 dicitur
307 1627 364 1684 aet
380 1620 605 1684 Beranforda.

619 1917 777 1982 onxu.

546 2069 567 2112 *
593 2066 737 2146 orsu,
760 2065 837 2132 roa.

167 2257 173 2262 -
225 2218 264 2299 ›1‹
276 2218 482 2282 RnouANrn
492 2215 631 2280 domino
648 2223 767 2280 nostro
781 2214 886 2278 Ihesu
897 2214 1036 2279 Christo
1050 2214 1087 2278 in
1101 2236 1223 2298 perpe*-

168 2325 266 2382 tuum
280 2321 287 2383 !
334 2319 445 2382 Decet
454 2317 560 2398 igitur
573 2323 613 2379 ut
628 2316 755 2397 regalis
769 2315 966 2397 benignitas
977 2317 1223 2398 omnipotentis

166 2419 225 2482 dei
251 2425 287 2481 et
313 2425 511 2482 sanctorum
535 2422 725 2499 martyrum
754 2421 921 2498 quantum
951 2416 1069 2480 ualeat
1097 2416 1221 2480 honori

169 2517 361 2599 prouideat.
413 2516 507 2596 Quia
533 2518 645 2581 honor
671 2517 737 2594 dei,
767 2521 801 2578 et
829 2515 888 2597 pia
916 2515 953 2579 in
982 2515 1112 2579 sanctis
1146 2516 1220 2579 eius

169 2617 321 2695 deuotio,
336 2618 508 2682 stabilitas
524 2624 577 2681 ost
592 2616 691 2698 regni
705 2616 844 2692 terreni,
859 2623 895 2679 et
916 2617 1127 2699 prosperitas
1143 2615 1220 2680 lon*

170 2737 302 2799 gaeuae
313 2719 406 2782 uitae
421 2726 456 2782 et
471 2717 666 2781 indubitata
674 2723 834 2780 aeternae
848 2716 1014 2780 mercedis
1025 2717 1217 2781 retributio.

169 2818 272 2882 Unde
285 2838 351 2899 ego
366 2817 444 2882 offa
457 2837 520 2880 rex
535 2817 757 2892 Merciorum‚
777 2835 855 2879 cum
870 2815 1013 2897 Egsrido
1036 2815 1107 2878 filio
1129 2835 1218 2893 meo,

168 2926 204 2982 et
217 2919 310 2982 omni
325 2936 495 2981 consensu
515 2917 684 3001 synodali,
707 2919 774 3000 pro'
793 2915 942 2980 remedio
956 2921 993 2980 et
1005 2913 1118 2979 salute
1141 2917 1217 2979 ani·-

168 3037 302 3103 marum
317 3023 524 3095 nostrarum,
539 3025 667 3081 terram
681 3016 935 3098 quinquaginta
952 3015 1169 3079 mansionum
1184 3017 1221 3079 in

169 3119 255 3183 locis
268 3117 359 3181 infra
372 3117 485 3196 dictis,
501 3117 537 3181 id
552 3124 616 3193 est,
632 3117 830 3180 ubidicitur
845 3123 902 3180 aet
917 3115 1108 3198 Caegesho,
1122 3134 1221 3179 man»

167 3219 284 3283 siones
323 3234 495 3294 xxxma,
527 3217 677 3294 Oudaet,
711 3215 1007 3294 Heanhamstede,
1036 3232 1086 3280 vr.
1118 3235 1218 3280 man*

169 3320 296 3395 siones,
313 3325 348 3382 et
363 3317 542 3382 Stanmere
561 3337 598 3380 x.
614 3318 821 3393 mansiones,
836 3335 914 3380 cum
937 3316 1124 3398 segetibuS,
1140 3336 1221 3397 pra-

166 3419 226 3496 tis,
243 3419 380 3501 pascuis
400 3426 436 3482 et
459 3417 568 3494 siluis,
592 3424 627 3480 et
649 3417 806 3480 omnibus
829 3418 931 3479 rebus
955 3416 1139 3479 mobilibus
1161 3417 1218 3479 uel

169 3519 262 3596 fixis,
274 3518 328 3581 'ad
349 3522 390 3582 ea
406 3517 668 3599 praenominata
689 3517 766 3581 loca
789 3515 854 3578 rite
874 3515 1138 3597 pertinentibus
1158 3516 1219 3580 do-

169 3617 263 3682 mino
278 3637 355 3681 meo
371 3617 476 3682 Ihesu
499 3625 534 3682 et
557 3624 678 3681 sancto
700 3614 839 3681 Albano
853 3616 1007 3697 martyri,
1021 3614 1118 3676 cuius
1140 3615 1220 3678 reli·

169 3719 280 3801 quiaS,
292 3717 329 3781 in
343 3735 440 3800 spem
453 3718 693 3801 prosperitatis
707 3715 897 3800 praesentis
912 3722 948 3778 et
958 3713 1095 3778 futurae
1109 3714 1219 3779 beati-

167 3819 297 3882 tudinis
311 3817 430 3881 diuina
444 3819 597 3882 ostendit
611 3818 710 3881 nobis
724 3817 850 3899 gratia,
859 3815 896 3878 in
908 3815 962 3878 ius
977 3814 1220 3880 monasteriale

167 3918 308 3982 tradens
322 3918 458 3981 donabo
472 3939 480 3998 ;
504 3918 668 4000 quatinus
682 3924 848 4001 perpetuo
862 3916 936 3979 iure
951 3914 1107 3998 praefata
1117 3921 1220 3993 terra,

167 4019 279 4082 sancti
303 4018 466 4101 martyris
491 4017 620 4081 Albani
643 4017 830 4081 aecclesiae
854 4016 1036 4079 deseruiat.
1090 4015 1138 4078 Et
1160 4025 1221 4099 pc'r

166 4137 331 4200 magnum
347 4117 595 4201 omnipotentis
616 4117 671 4180 dei
692 4121 818 4180 nomen
841 4122 877 4178 ct
899 4117 1050 4180 terribile
1072 4115 1145 4177 eius
1167 4117 1221 4179 iu-

164 4219 290 4282 dicium
313 4217 447 4297 adiuro,
471 4218 576 4282 immo
597 4223 633 4281 et
653 4217 797 4299 impero,
811 4214 904 4298 quod
919 4216 1033 4279 nullus
1055 4234 1220 4298 superne·-
