3188 5032
300 375 344 440 90
555 388 727 437 ourrrrn
750 363 1092 436 suonossxorucin.

302 549 389 613 tium
421 566 558 631 quoque
590 544 731 610 testium
761 543 852 608 insra
882 545 1043 610 subiectis
1074 525 1355 609 annotbtionibus

302 651 356 713 ius
384 648 524 712 testium
551 646 776 729 plurimorum
803 653 916 709 ratum
941 645 1133 729 stabileque
1159 645 1356 709 curauimus

303 748 435 813 efficere
456 747 604 811 iudiciis
657 745 772 827 Siquis
794 765 878 810 uero
901 745 1083 810 cuiuslibet
1099 747 1279 828 dignitatis
1298 746 1356 809 uel

302 848 492 932 potentiae,
508 847 631 930 quouis
644 845 805 927 deinceps
820 852 985 927 tempore,
997 847 1151 928 qualibet
1164 846 1356 923 occasione,
1391 856 1395 864 '

304 933 393 1012 hano
420 946 605 1029 infringere
628 945 810 1029 tyrannica
835 945 943 1009 frctus
970 947 1226 1029 presumptione
1251 946 1357 1010 oolla·

304 1049 433 1112 tionem
447 1046 681 1130 temptauerit,
703 1047 749 1110 sit
765 1065 786 1109 a
801 1046 946 1128 collegio
962 1046 1151 1111 catholicae
1171 1046 1358 1111 aecclesiae

304 1154 496 1231 separatus.
549 1147 664 1230 Siquis
689 1167 773 1211 uero
797 1145 857 1229 pia
878 1147 1055 1230 praeditus
1080 1148 1272 1211 intentione
1293 1146 1358 1210 hoo

304 1250 450 1332 probare
474 1267 515 1311 ac
541 1247 723 1311 defendere
748 1248 934 1325 curauerit,
957 1246 1142 1330 amplificet
1165 1247 1250 1310 deus
1278 1266 1358 1328 por-

305 1349 435 1414 tionem
461 1348 534 1413 eius
560 1347 597 1410 in
626 1355 720 1411 terra
745 1347 948 1413 uiuentium.
1001 1347 1137 1430 Scripta
1163 1354 1217 1411 est
1244 1353 1359 1410 autem

305 1451 390 1514 haec
413 1448 548 1513 cartula
574 1441 675 1511 huius
700 1448 898 1512 donationis
925 1468 1016 1512 anno
1049 1449 1094 1511 ab
1122 1447 1359 1511 incarnatione

306 1549 436 1614 domini
452 1564 617 1626 nccxxtf,
631 1547 819 1612 indictione
838 1556 983 1629 octaua;
1006 1548 1143 1612 ethaeo
1164 1554 1246 1611 sunt
1260 1546 1360 1610 terri·

307 1649 409 1726 toria,
426 1656 492 1712 etc.

236 1730 248 1742 ⁹
364 1752 403 1832 ›1‹
431 1749 508 1830 Ego
535 1748 591 1812 Ini
621 1747 820 1831 subscripsi.
894 1751 933 1831 ›1‹
962 1747 1038 1830 Ego
1064 1747 1253 1811 Fortherus
1289 1745 1361 1828 epi-

309 1868 434 1932 scopus
448 1849 608 1914 consensi
621 1856 657 1913 et
670 1849 878 1931 subscripsi:
905 1867 983 1912 cum
997 1848 1115 1913 multis
1131 1847 1219 1913 aliis.

778 2039 900 2050 ———

757 2141 922 2207 LXXV.

455 2288 784 2356 AETHILBALD
809 2291 874 2356 OF
897 2290 1106 2371 MERCIA,
1134 2284 1221 2357 727)

368 2448 407 2528 »Β
429 2444 475 2508 ΙΝ
489 2445 627 2510 nomine
638 2446 693 2510 dei
707 2447 846 2511 summi!
873 2447 1187 2512 Reuerentissimus
1197 2467 1258 2512 rex
1271 2447 1365 2512 Mer-

312 2546 476 2623 consium,
492 2565 557 2627 ego
568 2542 780 2623 Aethilbold,
794 2567 857 2629 pro
872 2547 1107 2630 redemptione
1121 2549 1255 2611 animae
1269 2567 1365 2611 meae

312 2647 459 2728 largitus
481 2657 557 2710 sum
573 2653 700 2709 terram
718 2637 819 2730 -quae
836 2635 962 2712 dicitur
975 2645 1147 2726 Aactune,
1167 2649 1271 2712 trium
1292 2667 1365 2712 ma·

314 2745 482 2822 nentium,
496 2745 618 2824 Bucen
632 2746 750 2812 comiti
772 2768 870 2828 me0;
894 2748 1036 2812 firmiter
1049 2748 1292 2830 possidendum
1307 2750 1366 2812 be·

314 2846 515 2926 nignissime
534 2845 645 2930 trado,
666 2855 788 2913 contra
810 2847 884 2912 eius
905 2848 1097 2932 pecuniam.
1146 2849 1204 2912 Ita
1219 2848 1366 2930 largitus

315 2965 391 3009 sum
408 2952 535 3010 terram
549 2947 639 3010 hano
653 2948 810 3030 praefato
824 2949 941 3012 comiti
954 2968 1042 3026 meo,
1051 2956 1092 3014 ut
1106 2956 1308 3032 perpetuum
1322 2949 1368 3014 sit

315 3046 547 3110 habitaculum
574 3067 751 3112 seruorum
774 3048 841 3126 dei,
863 3049 983 3113 diuina
1006 3049 1217 3132 suffragante
1242 3050 1366 3130 gratia,

316 3146 522 3233 sollicite-in
545 3168 586 3213 eo
610 3157 777 3214 seruetur.
831 3149 935 3213 Hanc
954 3156 1069 3213 autem
1091 3150 1314 3214 donationem
1335 3150 1366 3214 si

318 3247 395 3329 quis
415 3248 587 3332 tirannica
600 3256 773 3331 potestate
786 3249 974 3332 infringere
993 3250 1155 3328 uoluerit,
1171 3251 1259 3314 sciat
1272 3249 1369 3313 illum

316 3347 353 3410 in
367 3347 527 3410 examine
543 3349 607 3413 deo
622 3349 791 3414 rationem
805 3350 1029 3415 redditurum.

374 3449 412 3528 ›1‹
441 3447 518 3530 Ego
540 3446 739 3513 Aethilbald
762 3470 825 3518 rex
849 3450 1081 3516 Mercensium
1104 3448 1245 3534 propria
1266 3469 1371 3514 manu

318 3547 456 3629 signum
471 3547 581 3611 crucis
595 3548 764 3632 impressi.
822 3553 861 3633 >1⁴
889 3571 954 3632 ego
972 3550 1070 3615 Uuor
1085 3551 1266 3634 episcopus
1289 3569 1370 3615 oon·

319 3648 421 3710 sensi.
479 3650 518 3730 ›1‹
539 3669 603 3730 ego
628 3649 797 3714 Torthere
820 3651 1001 3734 episcopus
1019 3651 1188 3716 consensi.
1220 3717 1223 3727 ,
1246 3653 1285 3733 >1⁴
1306 3669 1371 3732 ego

319 3746 411 3810 Tida
445 3749 614 3814 consensi.
680 3753 719 3832 ›1‹
753 3771 818 3832 ego
848 3750 965 3816 Osfrid
1003 3752 1172 3817 consensi.
1204 3785 1206 3790 ·
1237 3753 1276 3833 »Β
1307 3770 1371 3832 ego

356 3943 365 3976 ¹
381 3945 435 3994 The
453 3946 511 3994 dote
523 3949 571 3996 717
583 3947 605 3996 is
622 3961 765 4008 erroneous‚
782 3949 832 3996 ond
859 3962 947 4011 agrees
955 3947 1019 3996 with
1029 3947 1072 3996 the
1083 3945 1214 4004 indiction,
1223 3942 1273 3992 and
1285 3943 1307 3992 is
1315 3958 1373 3992 oon-

320 4015 343 4062 is
360 4019 403 4064 not
418 4016 477 4077 only
488 4015 587 4066 refuted
603 4019 638 4078 by
648 4017 691 4065 the
702 4017 832 4079 indiction,
859 4020 947 4068 sistent
962 4018 1025 4067 with
1042 4018 1084 4067 the
1100 4018 1173 4066 dates
1192 4014 1221 4064 of
1231 4015 1304 4063 Uuor
1321 4014 1372 4062 and

322 4087 368 4134 but
378 4087 414 4146 by
424 4085 466 4134 the
477 4086 536 4135 date
552 4088 581 4136 of
589 4089 671 4147 Uuor,
684 4103 731 4136 one
749 4088 778 4136 of
790 4089 832 4137 the
859 4089 993 4139 Porsiere.

321 4156 462 4206 witnesses.
500 4157 541 4206 On
558 4159 600 4207 the
612 4159 683 4208 other
696 4159 772 4222 hand,
784 4163 832 4208 ⁷27
