3168 5028
324 452 361 532 ul
671 467 979 516 rurnonuorroN.

367 625 420 691 19.
443 645 520 691 cum
540 628 697 694 omnibus
719 649 796 712 quae
820 629 863 693 ad
885 629 999 712 ipsum
1021 626 1135 690 locum
1156 624 1325 708 pertinere

326 729 559 807 dinoscantur,
571 737 641 794 tam
656 731 691 794 in
706 732 798 795 notis
810 731 926 795 causis
937 737 972 794 et
983 728 1122 811 ignotis,
1131 728 1168 791 in
1182 728 1325 792 modicis

327 837 363 895 et
387 831 424 894 in
446 833 589 914 magnis,
615 833 758 915 campis,
776 834 927 917 pascuis,
947 831 1067 917 pratis,
1090 828 1201 905 siluis,
1221 829 1326 894 silua-

326 951 468 1017 rumque
483 933 723 998 densitatibus.
1000 930 1192 1008 Ebdmund,
1205 930 1281 994 940.

369 1034 423 1098 29.
447 1055 523 1100 cum
547 1037 705 1100 omnibus
728 1034 933 1100 utensilibus
955 1051 1034 1116 quae
1057 1031 1141 1096 deus
1161 1030 1325 1096 coelorum

326 1134 362 1199 iu
381 1137 458 1219 ipso
478 1137 609 1202 telluris
627 1137 777 1219 gramine
794 1136 936 1213 creauit,
950 1142 1021 1199 tam
1041 1134 1077 1198 in
1096 1131 1190 1196 notis
1209 1131 1326 1196 causis

327 1244 363 1301 et
382 1237 520 1320 ignotis,
533 1239 569 1301 in
588 1237 733 1302 modicis
747 1244 782 1302 et
797 1237 834 1300 in
852 1236 996 1319 magnis,
1011 1234 1154 1317 campis,
1174 1233 1327 1317 pascuis,

326 1339 446 1420 pratis,
461 1338 570 1416 siluis,
585 1339 818 1422 siluarumquo
832 1337 1074 1403 densitatibus.

1049 1436 1193 1516 Eadrcd,
1205 1437 1281 1502 947.

323 1557 325 1562 ·
370 1541 424 1608 21.
448 1561 525 1608 cum
538 1542 697 1610 omuibus
712 1541 757 1608 ad
772 1561 810 1606 se
824 1541 1084 1626 pertinentibus.
1203 1569 1213 1584 e

1039 1640 1191 1723 Ebdwig,
1205 1640 1280 1708 956.

371 1743 425 1811 22.
449 1763 526 1808 cum
545 1745 715 1810 uniuersis
735 1762 814 1828 quae
832 1744 917 1808 deus
935 1743 1100 1809 coelorum
1117 1743 1153 1806 in
1170 1743 1248 1826 ipso
1263 1742 1328 1808 tel-

327 1846 412 1910 luris
428 1849 589 1928 gramine,
603 1847 646 1911 ad
662 1867 746 1912 usus
765 1846 938 1911 hominurn
953 1844 1157 1929 procreauit,
1176 1845 1328 1928 pascuis,

329 1947 438 2029 pratis
453 1955 557 2032 atque
572 1949 681 2027 siluis,
694 1947 946 2029 riuulorumquo
961 1946 1126 2011 cursibus.

1011 2046 1193 2124 Aebelred
1206 2046 1283 2114 979.

369 2149 424 2213 23.
446 2170 523 2215 cum
535 2151 691 2216 omnibus
706 2150 921 2227 utensilibus
936 2151 1044 2232 pratis
1062 2147 1234 2225 uidelicet,
1247 2167 1327 2231 pas-

330 2250 417 2328 cuis,
431 2252 540 2316 siluis.
991 2247 1284 2326 Aebelred,1004.

372 2352 426 2417 24.
450 2373 528 2418 cum
546 2354 704 2418 omnibus
724 2352 928 2417 utensilibus
943 2351 1027 2428 suis,
1041 2349 1192 2433 pascuis,
1207 2349 1328 2432 pratis,

321 2453 437 2524 siluis,
990 2450 1283 2531 charoaldus.

371 2557 425 2621 25.
448 2576 526 2621 cum
540 2558 697 2623 omnibus
713 2558 755 2622 ad
771 2577 809 2622 se
824 2557 888 2622 rite
907 2554 1168 2638 pertinentibus,
1186 2555 1328 2636 campis

330 2659 482 2741 pascuis,
494 2661 614 2742 pratis,
628 2660 737 2724 siluis.
992 2654 1173 2733 Eadward,
1187 2655 1283 2719 1044.

373 2857 510 2941 Among
536 2859 594 2924 the
617 2859 795 2926 beneficial
824 2860 929 2943 rights
959 2860 1132 2944 conveyed
1161 2862 1207 2943 hy
1231 2859 1328 2924 these

332 2959 482 3026 charters
499 2980 556 3025 are
573 2981 729 3027 common
746 2962 786 3026 os
799 2970 950 3046 pasture,
967 2970 1131 3042 estovers,
1150 2962 1217 3026 and
1238 2962 1328 3026 vari-

250 3104 251 3107 *
330 3081 395 3126 ous
424 3062 632 3146 advantages
662 3065 730 3130 and
759 3072 951 3130 easements
980 3065 1116 3130 derived
1150 3063 1237 3128 from
1270 3063 1328 3126 the

331 3164 480 3246 position
507 3163 547 3229 of
570 3165 627 3230 the
658 3167 759 3248 land3
786 3167 838 3232 for
863 3168 1030 3244 instance,
1056 3173 1195 3249 pastura
1215 3163 1268 3228 sor
1288 3183 1328 3228 so

331 3283 434 3349 many
454 3264 572 3336 horses
593 3286 631 3330 or
650 3268 756 3331 swine
770 3267 806 3330 in
822 3269 993 3332 communi
1013 3268 1124 3347 saltu;
1147 3286 1223 3331 ora
1239 3265 1328 3347 right

331 3365 372 3429 of
381 3365 499 3448 falling
512 3367 579 3431 and
595 3369 750 3451 carrying
764 3389 804 3435 so
819 3388 922 3452 many
933 3369 1104 3433 cartloads
1120 3367 1160 3432 of
1173 3365 1270 3432 wood
1291 3367 1327 3428 in

331 3466 388 3532 the
408 3487 514 3545 same,
529 3469 586 3532 the
602 3469 756 3536 Norman
770 3473 911 3537 libertas
929 3470 1069 3535 fellandi
1085 3477 1120 3534 et
1136 3467 1328 3548 carriaudi3

331 3569 595 3634 circumstances
615 3571 734 3650 which,
753 3573 783 3636 if
797 3572 849 3637 sor
866 3572 1008 3656 nothing
1028 3573 1108 3649 eise,
1124 3570 1235 3635 would
1256 3569 1328 3634 still

331 3669 471 3735 deservo
493 3673 645 3736 mention
666 3672 757 3751 here,
781 3694 820 3738 as
846 3674 1007 3739 evidence
1032 3681 1069 3738 at
1093 3673 1170 3737 how
1189 3672 1283 3755 early
1306 3691 1327 3734 a

331 3771 447 3854 period
458 3772 513 3837 the
528 3772 639 3856 Kings
651 3772 724 3858 (the
736 3774 915 3838 inheritors
927 3773 967 3838 of
975 3774 1031 3838 the
1045 3772 1192 3838 heathen
1204 3773 1327 3855 priest-⁴

196 3934 205 3952 ‚
331 3871 418 3936 hood
448 3871 483 3934 in
512 3872 599 3937 their
627 3893 740 3956 power
770 3893 850 3939 over
878 3875 936 3940 the
963 3873 1084 3939 sacred
1111 3875 1227 3939 woods
1258 3874 1327 3938 and

332 3972 492 4058 streams)
506 3974 605 4038 made
625 3974 712 4039 their
732 3975 903 4060 authority
924 3972 1015 4040 ¹valid
1037 3995 1117 4040 over
1136 3974 1192 4039 the
1211 3975 1326 4044 march

333 4074 400 4142 and
415 4094 571 4142 common
585 4075 686 4141 lands
701 4076 861 4160 adjacent
880 4084 917 4141 to
933 4078 988 4142 the
1003 4075 1091 4144 Gau.
1135 4075 1209 4140 The
1222 4077 1326 4161 privi-
