3112 5032
433 431 605 480 ouanran
628 432 971 482 sucnossxourosn.
1157 417 1223 482 223

171 609 264 654 waes.
294 587 338 653 ba
351 607 433 653 waes
448 588 586 671 higen]
601 590 757 655 hlaforde
772 590 853 656 lond
870 589 1057 654 unbelliten
1071 588 1223 671 eeghuaes

171 707 190 770 J
208 687 347 756 siobban
362 709 384 754 a
397 686 438 755 ob
453 689 506 754 his
520 689 612 772 daga
629 683 741 756 endc.¹

567 984 828 1053 CLXXXIV.

295 1117 606 1182 DENEBERHT
629 1116 736 1183 AND
760 1116 1101 1195 WULFHEARD,

458 1233 654 1317 Thursday,
671 1235 749 1300 Oct.
765 1235 838 1315 eth,
854 1234 930 1301 803.

227 1384 265 1463 ›1‹
287 1381 396 1448 Anno
410 1383 601 1450 dominicae
624 1386 873 1452 incarnationis
898 1385 1083 1448 nocc⁰.111⁰.
1103 1383 1222 1449 indict.

172 1485 241 1550 x1⁸.
261 1503 345 1548 uero
365 1485 426 1567 qui
449 1493 501 1550 est
526 1504 637 1549 annus
661 1501 725 1549 v11.
749 1487 847 1568 regni
871 1483 1039 1548 Cenwulfi
1060 1485 1108 1566 pii
1132 1484 1223 1566 regis

172 1583 394 1662 Marciorum,
423 1585 553 1651 sactum
595 1593 648 1650 est
687 1586 842 1650 sinodale
871 1584 1136 1649 conciliabulum
1165 1591 1224 1648 aet

173 1683 406 1762 Clofeshoum,
429 1685 645 1769 praesidente
665 1683 920 1750 Aethelheardo
943 1684 1223 1766 archiepiscopo;

171 1785 231 1848 ubi
245 1804 323 1847 cum
339 1785 492 1850 uniuersi
513 1785 737 1870 prouintiales
760 1785 924 1868 episcopi,
943 1803 1022 1848 cum
1041 1784 1224 1848 abbatibus

171 1890 207 1948 ct
235 1885 445 1970 presbyteris
476 1886 519 1949 de
546 1885 748 1950 necessariis
784 1893 821 1950 et
857 1885 1012 1968 pluribus
1040 1884 1223 1948 uniuersae

172 1983 360 2048 aecclesiae
381 1985 522 2049 statutis
547 1993 852 2068 congregarentur,
866 1985 914 2050 ibi
929 1985 1033 2049 etiam
1046 1983 1137 2047 inter
1156 1985 1226 2048 alia

171 2084 273 2168 plura
286 2084 380 2150 sacta
392 2092 446 2148 est
460 2087 637 2150 eontentio
652 2087 743 2151 inter
756 2085 1027 2162 Deneberhtum,
1045 2083 1224 2168 Uueoger-

173 2184 289 2248 nensis
317 2185 503 2250 eecelesiae
530 2187 733 2264 antistitem,
763 2185 1086 2266 Unlfheardumque
1111 2182 1225 2248 Here·

172 2283 366 2349 sordensem
389 2286 594 2368 praesulem.
641 2287 730 2350 Sunt
751 2294 866 2351 autem
888 2283 1098 2350 monasteria
1111 2285 1149 2348 in
1162 2301 1225 2365 pa·

173 2384 291 2448 rochia
314 2385 524 2450 Deneberhti
549 2384 766 2463 Celtanhom,
790 2385 1017 2461 Beccanford,
1031 2403 1122 2467 quae
1143 2382 1225 2447 olim

172 2484 208 2547 in
224 2485 375 2568 antiquis
390 2485 510 2551 diebus
533 2487 577 2550 ad
599 2486 889 2551 Hercsordcnscm
905 2485 1108 2550 aecclesiam
1124 2503 1225 2567 praee.

174 2585 258 2649 stita
272 2584 422 2662 suerunt,
438 2587 475 2649 in
492 2586 616 2669 quibus
630 2587 829 2672 postulabat
851 2605 949 2649 suam
968 2590 1107 2667 pastum
1119 2583 1179 2668 qui
1194 2583 1225 2648 ei

172 2685 361 2767 episcopali
382 2685 456 2749 iure
478 2687 684 2768 pertinebat,
710 2687 785 2769 ipsc
808 2684 1008 2750 Deneberht
1030 2683 1095 2747 sibi
1117 2683 1225 2749 reddi.

174 2781 371 2849 Uulfheard
385 2791 501 2849 autem
516 2805 535 2849 e
550 2793 673 2850 contra
686 2786 861 2862 narrabat,
883 2791 924 2848 ut
944 2785 975 2848 ei
997 2784 1128 2848 nullam
1143 2784 1225 2848 darc

172 2883 359 2962 debuisset,
383 2905 494 2969 neque
517 2905 680 2968 umquam
703 2893 946 2954 antecessores,
959 2883 1052 2948 illius
1075 2885 1227 2967 aliquam

172 2985 222 3049 ibi
250 2984 426 3050 haberent.
479 2985 526 3050 Et
555 2987 584 3049 si
607 2992 683 3049 erat
705 3005 881 3069 umquam,
909 2984 978 3047 iam
1001 3000 1099 3048 xxx.
1125 2985 1227 3048 annis

173 3092 210 3152 et
232 3105 273 3150 eo
302 3085 450 3167 amplius
479 3105 579 3150 nemo
609 3087 720 3164 illum,
749 3105 861 3170 neque
883 3093 1119 3149 antecessores
1142 3085 1227 3162 eius,

174 3185 409 3249 huiuscemodi
419 3192 523 3269 pastu
538 3187 692 3269 pulsaret
706 3207 817 3270 neque
831 3191 1002 3267 tangeret.
1029 3184 1229 3254 Deneberht

173 3292 291 3350 autem
314 3305 392 3350 cum
414 3287 611 3352 testimonio
630 3288 806 3365 narrabat,
822 3293 862 3351 nt
878 3284 1080 3355 Uuermund
1095 3284 1229 3370 episco-

173 3405 240 3468 pus
262 3394 400 3468 pastum
416 3387 588 3469 acciperet
609 3394 667 3451 aet
690 3386 938 3463 Beccansorda,
962 3381 1168 3450 Haboredus
1182 3385 1229 3448 si-

174 3487 302 3551 militer
321 3494 378 3550 aet
402 3485 674 3564 Celtanhomme,
689 3487 830 3569 insuper
849 3493 891 3550 ct
916 3487 991 3567 ipse
1007 3483 1229 3552 Uuulfheard

175 3587 207 3650 ei
223 3587 402 3669 pecuniam
420 3587 519 3650 daret
539 3607 603 3670 pro
624 3594 740 3670 pastu,
760 3586 914 3668 haecque
935 3603 1013 3648 cum
1031 3583 1229 3650 testimonio

175 3688 414 3770 conprobauit.
467 3686 555 3753 Cum
585 3707 668 3752 uero
703 3685 939 3752 huiuscemodi
971 3658 1051 3750 hiirc
1081 3691 1117 3747 et
1150 3682 1230 3748 inde

175 3787 286 3854 multa
299 3787 563 3866 contenderunt,
586 3794 729 3852 uentum
751 3795 805 3852 est
827 3787 871 3852 ad
894 3797 1097 3861 sermonem,
1115 3791 1155 3848 ut
1174 3803 1230 3847 ar-

176 3887 413 3970 chiepiscopus
432 3887 690 3960 Deneberhtum
713 3889 860 3970 rogabat
878 3885 1020 3951 dimidia
1043 3885 1109 3949 sibi
1130 3884 1231 3951 huius

175 3995 296 4070 pastus
311 3989 652 4070 praestareetaltero
666 4007 758 4054 anno
771 4007 907 4071 semper
925 3993 984 4050 aet
998 3985 1234 4052 Becuanforda

176 4106 275 4166 suam
300 4088 522 4153 refectionem
543 4090 727 4172 acciperet,
746 4089 856 4153 altero
880 4093 939 4150 aet
959 4084 1232 4150 Celtanhommez-

266 4212 274 4244 ¹
286 4213 340 4264 'l'be
351 4216 519 4279 interpoleted
528 4231 650 4279 passages
662 4231 705 4266 are
716 4216 835 4278 supplied
847 4214 910 4265 from
922 4213 964 4262 tbe
975 4211 1068 4263 second
1080 4213 1139 4264 Ms.
1180 4215 1184 4222 '
