3168 5028
359 487 438 552 lxiv·
706 500 1013 550 rwrnonucrms.

361 663 404 728 de
433 660 613 726 heredibus
642 661 769 724 nostris
798 660 854 725 vel
881 661 1086 744 quicumque
1118 665 1237 727 contra
1269 663 1358 730 hanc

361 763 677 839 interdonationem,
697 762 787 827 unde
807 761 896 826 inter
916 782 980 827 nos
999 762 1137 829 chartas
1154 785 1224 828 uno
1243 773 1359 831 tenore

361 866 572 949 conscriptae
592 864 811 942 firmauimus,
825 866 941 928 uenire
959 873 1020 930 aut
1033 865 1223 948 infrangere
1242 868 1359 932 uolue-

360 969 416 1046 rit,
430 967 627 1033 nullatcnus
642 967 758 1032 ualeat
773 967 969 1047 uindicare;
992 966 1052 1032 scd
1068 967 1191 1032 inferat
1204 970 1360 1051 partibus

362 1071 498 1148 uestris,
511 1089 589 1134 cum
606 1075 750 1152 cogente
767 1068 862 1146 fisco,
876 1068 951 1133 auri
965 1068 1071 1133 libras
1086 1076 1212 1148 tantas,
1227 1072 1360 1154 argenti

361 1181 500 1254 tantas3
522 1189 675 1255 praesens
697 1188 780 1234 uero
803 1169 951 1253 epistola
972 1170 1010 1234 in
1032 1170 1126 1234 nullo
1149 1173 1260 1255 possit
1279 1192 1361 1238 con-⁴

361 1275 455 1353 uelli,
470 1273 530 1339 sed
546 1273 642 1338 firma
656 1279 693 1336 et
706 1271 852 1337 inlibata
866 1279 1074 1354 permaneat
1107 1272 1217 1339 Marc.
1231 1274 1268 1339 ii.
1283 1277 1315 1340 7.

405 1377 446 1441 Β.
469 1376 507 1441 Si
535 1374 614 1458 quis
641 1392 733 1451 uero,
759 1372 852 1456 quod
880 1372 1032 1438 futurum
1054 1393 1131 1438 esse
1157 1395 1226 1440 non
1249 1378 1361 1456 crede,

362 1477 489 1562 aliquis
518 1477 562 1543 de
591 1474 783 1553 heredibus,
811 1475 866 1540 vel
900 1475 1144 1559 proheredibus
1172 1479 1269 1558 meis,
1298 1499 1361 1546 seu

362 1580 525 1666 quaelibet
539 1597 697 1661 persona,
711 1586 832 1642 contra
846 1577 934 1642 hano
950 1579 1140 1643 cessionem
1150 1600 1262 1646 meam
1276 1601 1361 1665 quo-

362 1702 431 1767 quo
459 1689 610 1764 tempore
639 1681 766 1758 uenire,
796 1687 856 1746 aut
883 1701 960 1747 cam
994 1681 1176 1764 infringere
1203 1684 1361 1762 uoluerit,

362 1784 486 1849 inferat
500 1783 574 1859 tibi,
590 1802 667 1847 cum
683 1790 824 1864 cogente
842 1782 937 1860 fisco,
953 1783 1029 1847 auri
1045 1793 1191 1859 tuntum
1214 1792 1249 1850 et
1269 1786 1362 1868 quod
1455 1863 1464 1880 .

362 1886 486 1969 repetit
508 1884 685 1949 uindicare
707 1905 776 1949 non
799 1884 928 1961 ualeat,
952 1885 1011 1949 sed
1038 1905 1192 1970 praesens
1213 1888 1361 1970 epistola

363 1988 460 2058 firma
474 1993 684 2070 permaneat.
1089 1986 1198 2054 Marc.
1213 1989 1249 2054 ii.
1266 1990 1317 2054 ll.

404 2157 456 2224 As
470 2158 563 2242 early
577 2157 736 2224 however
747 2178 787 2223 as
803 2158 860 2223 the
872 2158 985 2223 fourth
1000 2172 1153 2243 century,
1166 2160 1223 2226 the
1236 2161 1363 2227 church

363 2261 430 2327 had
452 2259 601 2345 adopted
622 2259 679 2324 the
699 2258 905 2343 formulary;
927 2261 990 2325 but
1014 2281 1054 2325 as
1073 2260 1131 2326 the
1150 2270 1241 2328 state
1258 2265 1362 2330 relied

363 2383 456 2448 upon
473 2361 570 2426 fiscal
590 2360 840 2444 punishments,
861 2381 901 2426 so
921 2361 978 2427 the
997 2362 1121 2427 church
1141 2366 1309 2448 appealed
1326 2374 1362 2430 to

363 2465 409 2530 its
423 2484 501 2529 own
515 2464 669 2547 peculiar
689 2469 823 2527 terrors.
868 2463 943 2528 The
965 2463 1213 2530 ecclesiastica]
1234 2465 1363 2554 Siquis

363 2567 480 2632 clause
503 2565 669 2630 therefore
690 2565 821 2649 always
841 2565 926 2630 ends
946 2565 1028 2632 with
1048 2585 1092 2631 an
1112 2568 1305 2648 anathema,
1326 2590 1364 2634 or

363 2669 475 2737 threat
490 2668 530 2732 of
538 2669 871 2733 excommunication
887 2668 955 2733 and
971 2669 1101 2734 eterna}
1113 2669 1362 2752 punishments.

363 2771 438 2839 The
467 2768 537 2834 will
566 2768 606 2832 of
631 2768 784 2854 Gregory
812 2769 852 2835 of
883 2771 917 2835 N
920 2772 1096 2835 arianzum
1121 2770 1291 2838 furnishes
1317 2793 1362 2838 an

364 2873 522 2936 instance
538 2870 573 2934 in
590 2871 708 2953 point:

402 3039 523 3111 Ταιίτην
535 3063 594 3118 μον
613 3064 665 3111 την
679 3033 818 3112 διαθήκην
833 3048 938 3121 κυρίαν
955 3043 1002 3101 και
1017 3040 1150 3117 βεβαίαν
1162 3045 1239 3102 εἰναι
1253 3041 1364 3119 βούλο-

364 3161 420 3215 μαι
440 3139 486 3196 ἐπὶ
510 3137 618 3198 παντός
642 3135 828 3216 δικαστηρίου
856 3141 905 3198 και
929 3141 1025 3210 πάσης
1047 3143 1178 3211 ἐξουσίας
1199 3183 1298 3202 .....
1317 3143 1362 3201 ὁδε

364 3235 517 3314 ἕνιχειρων
538 3235 630 3305 α’ντην
651 3233 834 3314 ἀνατρέπειν,
857 3234 936 3296 δόσει
958 3230 1052 3311 λόγον
1070 3240 1104 3296 ἐν
1124 3236 1218 3316 ἡμέρα
1241 3246 1363 3318 κρίσεως,

365 3332 412 3390 και
423 3333 475 3403 ἔξει
490 3331 541 3391 τόν
555 3329 660 3407 λόγον.

407 3510 612 3594 Again‚-Si
622 3511 699 3596 quis
715 3517 829 3576 autern
841 3532 886 3576 ex
897 3513 1007 3589 nohis,
1018 3513 1109 3596 quod
1118 3513 1203 3577 deus
1218 3521 1363 3591 auertat,

365 3614 552 3680 calliditate
575 3622 775 3692 commotus,
796 3620 857 3677 aut
876 3614 1064 3696 cupiditate
1081 3623 1299 3698 praeuentus,
1321 3635 1364 3680 ea

364 3735 454 3800 quae
479 3722 560 3781 sunt
583 3715 739 3797 superius
761 3714 1016 3797 comprehensa,
1040 3716 1218 3782 temerario
1241 3717 1362 3799 spiritu

364 3818 493 3883 uiolare
515 3816 792 3899 praesumpserit,
819 3835 841 3880 a
867 3815 985 3881 diuina
1004 3818 1134 3882 ultione
1159 3826 1363 3901 prostratus,

364 3929 461 3985 reatu
476 3917 706 3984 anathematis
721 3917 923 3996 subiaceat,
938 3925 973 3982 et
989 3919 1096 3984 tribus
1112 3920 1212 3984 annis
1232 3940 1254 3984 a
1272 3939 1364 3984 conr-

364 4022 524 4086 munione
553 4021 703 4085 omninm
733 4018 876 4086 fratrum
904 4041 941 4085 se
968 4022 1103 4086 nouerit
1131 4022 1299 4087 alienum:
1327 4021 1364 4086 'et

365 4121 583 4190 nihilominus
598 4125 663 4190 hoc
684 4124 895 4209 priuilegium
914 4124 1079 4209 perpetim
1098 4131 1236 4188 maneat
1253 4125 1364 4188 incor-

365 4233 512 4308 ruptum.
1129 4224 1237 4290 Marc.
1251 4227 1273 4288 i.
1290 4226 1320 4290 1.
