3188 5032
500 445 673 492 cunutus
695 444 1038 495 Anonosnxouloas.
1252 433 1295 496 91

240 579 440 669 Aetbilmbd
455 605 626 669 consensi.
684 606 724 686 ›1‹
743 624 809 686 ego
825 603 927 668 l’nda
942 607 1112 671 consensi.
1169 607 1209 690 ›1‹
1228 627 1295 690 ego

241 705 428 769 Uuilbrotb
467 706 637 769 consensi.
719 706 759 786 ›1‹
800 725 866 786 ego
904 705 1079 770 Eadberbt
1122 711 1294 774 consensi.

246 808 286 888 ›1‹
313 825 380 888 ego
404 805 558 869 Uuilfrat
594 805 765 871 consensi.
837 807 877 887 ›1‹
913 825 978 886 ego
1008 805 1088 870 Oua
1123 811 1294 875 consensi.

246 908 286 988 ›1‹
320 926 386 987 ego
400 905 586 968 Tunualud
602 905 774 970 consensi.
846 906 886 986 *1⁴
921 925 986 987 ego
1012 906 1102 970 Peot
1123 912 1294 975 consensi.

247 1007 287 1087 ›1‹
314 1026 380 1088 ego
396 1004 484 1069 Teol
506 1006 676 1069 consensi.
733 1007 773 1087 ›1‹
792 1024 858 1086 ego
872 1003 1034 1069 Theodor
1047 1010 1217 1074 consensi.

291 1104 420 1169 Actum
442 1114 558 1170 autem
582 1105 647 1169 boc
671 1123 769 1168 meae
796 1105 1027 1169 concessionis
1052 1107 1181 1172 donum
1203 1123 1295 1175 anno

241 1206 434 1270 dominicae
446 1206 694 1270 incarnationis
709 1222 874 1270 nccxvu.
888 1205 1086 1270 indictionis
1100 1225 1139 1272 x.
1262 1274 1265 1280 ,

679 1503 866 1569 LXXVI.

344 1645 366 1688 *
391 1642 763 1708 AETHILHEARD
788 1643 853 1707 OF
875 1641 1095 1722 WESSEX,
1117 1645 1194 1710 729.

293 1788 333 1868 *1⁴
349 1792 426 1857 Eoo
441 1792 690 1858 Aethilbardus
704 1811 767 1856 rex
784 1791 1043 1872 Uuestsaxona‚
1057 1794 1228 1878 simulque
1242 1817 1296 1861 re·

243 1894 327 1976 gina
339 1893 559 1976 Frithogitha
572 1901 685 1957 terrae
699 1901 833 1975 partem
847 1913 936 1976 quae
951 1895 1147 1977 appellatur
1155 1895 1296 1975 Pobolt,

245 1995 280 2057 id
296 2002 349 2058 est
363 1995 550 2075 sexaginta
565 1994 788 2070 manentium,
806 2012 884 2056 cum
906 2013 1078 2058 consensu
1100 2003 1295 2060 nostrorum

244 2096 482 2177 episcoporum
494 2093 652 2158 Danielis
665 2113 706 2155 ac
719 2092 917 2170 Fortberes,
932 2095 1216 2178 optimatumque,
1232 2117 1295 2179 pro

243 2196 478 2277 redemptione
513 2193 705 2256 animarum
733 2200 941 2271 nostrarum,
978 2193 1015 2256 in
1044 2197 1296 2277 possessionem

244 2295 402 2358 stabilem
413 2294 576 2370 familiae,
586 2313 674 2375 quae
688 2293 724 2355 in
735 2294 945 2356 monasterio
955 2292 1218 2377 Glastingaburi
1231 2299 1296 2362 sub

243 2396 405 2476 religioso
428 2395 553 2458 abbate
571 2390 753 2474 Hemgislo
774 2392 867 2456 fideli
888 2393 954 2457 deo
977 2393 1165 2458 famulatur
1191 2397 1292 2460 obse-

244 2497 337 2578 quio,
352 2495 487 2558 liberali
508 2493 749 2558 confirmamus
769 2493 1023 2572 munificentia3
1045 2494 1097 2558 ita
1111 2504 1151 2559 ut
1172 2515 1217 2559 ex
1231 2496 1297 2562 boc

243 2595 447 2659 inconuulso
470 2595 544 2657 iure
569 2592 727 2676 praefata
755 2594 928 2674 possessio
957 2593 1067 2677 ipsius
1096 2598 1297 2662 monasterii

244 2696 363 2760 usibus
385 2695 619 2776 mancipetur3
643 2692 734 2756 unde
759 2693 803 2756 ad
826 2693 1002 2776 amplioris
1018 2694 1297 2777 adstipulationis

244 2796 486 2860 documentum
527 2794 812 2876 subscriptionem
858 2794 1167 2860 contestationibus
1206 2797 1297 2864 banc

243 2897 353 2978 ipsam
373 2897 534 2960 roborare
556 2894 769 2958 decreuimus
787 2894 1020 2972 donationem,
1036 2895 1169 2979 hocque
1182 2898 1296 2980 ipsum

243 2996 443 3060 idoneorum
459 3015 595 3078 quoque
610 2994 750 3059 testium
772 2995 906 3058 solenni
929 2996 1118 3077 subrogata
1140 2998 1296 3081 adstipu-

243 3090 392 3162 latione¹
407 3096 536 3159 firmari
551 3095 758 3159 curauimus.
811 3093 892 3172 Qua
913 3102 1054 3178 propter
1071 3096 1101 3159 si
1118 3098 1196 3178 quis
1211 3119 1297 3180 quo·

245 3198 299 3261 uis
316 3197 478 3279 deinceps
500 3204 666 3279 tempore,
688 3195 860 3260 tirannica
881 3194 990 3259 fretus
1012 3196 1209 3276 insolentia,
1232 3200 1297 3268 sub

245 3298 398 3380 qualibet
420 3297 612 3374 occasione,
626 3297 875 3378 interrumpere
898 3303 1003 3377 atque
1020 3297 1056 3360 in
1081 3298 1216 3362 irritum
1236 3300 1296 3364 de·

245 3397 369 3462 ducere
406 3396 589 3461 insolubile
625 3397 745 3478 placiti
780 3395 881 3459 istius
919 3403 1164 3461 testamentum
1202 3400 1298 3464 nisus

245 3497 360 3577 suerit,
382 3498 429 3561 sit
453 3517 474 3560 a
497 3498 671 3561 consortio
694 3497 829 3579 piorum
851 3495 963 3559 ultimi
990 3497 1159 3560 examinis
1184 3501 1297 3563 uenti·

244 3596 341 3662 labro
376 3597 589 3679 dispertitus,
623 3597 867 3680 rapaciumque
900 3595 1046 3677 collegio
1082 3596 1297 3664 combinatus

245 3697 431 3761 uiolentiae
446 3717 530 3762 suae
544 3717 674 3781 poenas
687 3697 773 3760 luat.
821 3695 859 3758 Si
870 3695 947 3777 quis
963 3715 1046 3759 uero
1059 3696 1221 3762 beniuole
1235 3719 1297 3781 po·

246 3797 316 3862 tius
345 3797 522 3881 praeditus
551 3799 743 3862 intentione
769 3795 854 3859 haec
884 3796 1030 3877 probare
1053 3815 1094 3860 ac
1116 3797 1297 3866 defendero
1404 3855 1407 3862 .

246 3898 428 3975 studuerit,
444 3898 562 3970 uideat
583 3899 674 3962 bona
692 3897 773 3960 dum
795 3896 832 3958 in
850 3902 943 3959 terra
961 3896 1165 3961 uiuentium.
1218 3899 1297 3964 Hu-

245 4000 300 4062 ius
325 3999 522 4063 donationis
549 3998 682 4062 cartula
712 3995 909 4076 conscripta
932 4015 973 4058 ac
996 3998 1218 4079 promulgata
1243 4010 1297 4065 est

246 4119 338 4165 anno
354 4100 398 4162 ab
416 4099 653 4162 incarnatione
668 4095 797 4161 Christi
813 4111 997 4161 ncoxxrx.
1014 4099 1078 4161 sub
1101 4103 1298 4180 praesentia

641 4230 647 4260 ¹
667 4233 722 4282 MS.
736 4232 913 4282 atitulatione.
