<?xml version="1.0" encoding="UTF-8"?>
<!DOCTYPE html PUBLIC "-//W3C//DTD XHTML 1.0 Transitional//EN"
    "http://www.w3.org/TR/xhtml1/DTD/xhtml1-transitional.dtd">
<html xmlns="http://www.w3.org/1999/xhtml" xml:lang="en" lang="en">
 <head>
  <title>
</title>
<meta http-equiv="Content-Type" content="text/html;charset=utf-8" />
  <meta name='ocr-system' content='tesseract 3.04.00' />
  <meta name='ocr-capabilities' content='ocr_page ocr_carea ocr_par ocr_line ocrx_word'/>
</head>
<body>
  <div class='ocr_page' id='page_1' title='image "./codexdiplomatic04kembgoog_0432.png"; bbox 0 0 3134 5030; ppageno 0'>
   <div class='ocr_carea' id='block_1_1' title="bbox 447 414 1239 479">
    <p class='ocr_par' dir='ltr' id='par_1_1' title="bbox 447 414 1239 479">
     <span class='ocr_line' id='line_1_1' title="bbox 447 414 1239 479; baseline 0.004 -3"><span class='ocrx_word' id='word_1_1' title='bbox 447 429 619 476; x_wconf 68' lang='lat' dir='ltr'><strong>canaria</strong></span> <span class='ocrx_word' id='word_1_2' title='bbox 640 428 981 477; x_wconf 74' lang='lat' dir='ltr'><strong>nucnosnxorrcnr„</strong></span> <span class='ocrx_word' id='word_1_3' title='bbox 1174 414 1239 479; x_wconf 82' lang='lat'><strong>281</strong></span> 
     </span>
    </p>
   </div>
   <div class='ocr_carea' id='block_1_2' title="bbox 86 583 1239 668">
    <p class='ocr_par' dir='ltr' id='par_1_2' title="bbox 86 583 1239 668">
     <span class='ocr_line' id='line_1_2' title="bbox 86 583 1239 668; baseline -0.001 -19"><span class='ocrx_word' id='word_1_4' title='bbox 86 605 88 610; x_wconf 80' lang='grc'><strong>’</strong></span> <span class='ocrx_word' id='word_1_5' title='bbox 187 586 250 649; x_wconf 84' lang='grc'><strong>11111</strong></span> <span class='ocrx_word' id='word_1_6' title='bbox 270 586 423 668; x_wconf 70' lang='grc' dir='ltr'><strong>ατὸθρὶεὸ</strong></span> <span class='ocrx_word' id='word_1_7' title='bbox 447 605 525 648; x_wconf 91' lang='lat' dir='ltr'><strong>cum</strong></span> <span class='ocrx_word' id='word_1_8' title='bbox 550 605 613 649; x_wconf 92' lang='lat' dir='ltr'><strong>suo</strong></span> <span class='ocrx_word' id='word_1_9' title='bbox 637 585 739 649; x_wconf 90' lang='lat' dir='ltr'><strong>foedu</strong></span> <span class='ocrx_word' id='word_1_10' title='bbox 762 584 935 667; x_wconf 83' lang='lat' dir='ltr'><strong>foenoreq:</strong></span> <span class='ocrx_word' id='word_1_11' title='bbox 956 583 1114 668; x_wconf 79' lang='lat' dir='ltr'><strong>principii</strong></span> <span class='ocrx_word' id='word_1_12' title='bbox 1134 587 1239 648; x_wconf 84' lang='lat' dir='ltr'><strong>suorii</strong></span> 
     </span>
    </p>
   </div>
   <div class='ocr_carea' id='block_1_3' title="bbox 150 684 1244 4258">
    <p class='ocr_par' dir='ltr' id='par_1_3' title="bbox 150 684 1244 4258">
     <span class='ocr_line' id='line_1_3' title="bbox 164 684 1240 766; baseline 0 -18"><span class='ocrx_word' id='word_1_13' title='bbox 164 686 371 762; x_wconf 75' lang='lat' dir='ltr'><strong>inuitabat.</strong></span> <span class='ocrx_word' id='word_1_14' title='bbox 424 685 558 766; x_wconf 73' lang='lat' dir='ltr'><strong>&#39;l&#39;uncq:</strong></span> <span class='ocrx_word' id='word_1_15' title='bbox 588 687 626 749; x_wconf 94' lang='lat' dir='ltr'><strong>in</strong></span> <span class='ocrx_word' id='word_1_16' title='bbox 660 684 778 748; x_wconf 90' lang='lat' dir='ltr'><strong>eodem</strong></span> <span class='ocrx_word' id='word_1_17' title='bbox 808 685 954 749; x_wconf 92' lang='lat' dir='ltr'><strong>concilio</strong></span> <span class='ocrx_word' id='word_1_18' title='bbox 983 704 1061 748; x_wconf 89' lang='lat' dir='ltr'><strong>cum</strong></span> <span class='ocrx_word' id='word_1_19' title='bbox 1089 684 1240 748; x_wconf 87' lang='lat' dir='ltr'><strong>maxima</strong></span> 
     </span>
     <span class='ocr_line' id='line_1_4' title="bbox 188 783 1241 866; baseline -0.001 -18"><span class='ocrx_word' id='word_1_20' title='bbox 188 785 401 849; x_wconf 84' lang='lat' dir='ltr'><strong>districtione</strong></span> <span class='ocrx_word' id='word_1_21' title='bbox 425 785 486 848; x_wconf 94' lang='lat' dir='ltr'><strong>illo</strong></span> <span class='ocrx_word' id='word_1_22' title='bbox 508 784 670 866; x_wconf 89' lang='lat' dir='ltr'><strong>episcopo</strong></span> <span class='ocrx_word' id='word_1_23' title='bbox 693 784 872 866; x_wconf 86' lang='lat' dir='ltr'><strong>mandauit</strong></span> <span class='ocrx_word' id='word_1_24' title='bbox 884 783 977 866; x_wconf 91' lang='lat' dir='ltr'><strong>quod</strong></span> <span class='ocrx_word' id='word_1_25' title='bbox 991 783 1122 846; x_wconf 75' lang='lat' dir='ltr'><strong>omnibs</strong></span> <span class='ocrx_word' id='word_1_26' title='bbox 1137 785 1241 848; x_wconf 90' lang='lat' dir='ltr'><strong>rebus</strong></span> 
     </span>
     <span class='ocr_line' id='line_1_5' title="bbox 187 883 1238 967; baseline 0 -18"><span class='ocrx_word' id='word_1_27' title='bbox 187 904 264 967; x_wconf 88' lang='lat' dir='ltr'><strong>quae</strong></span> <span class='ocrx_word' id='word_1_28' title='bbox 276 885 369 948; x_wconf 90' lang='lat' dir='ltr'><strong>illius</strong></span> <span class='ocrx_word' id='word_1_29' title='bbox 381 884 624 948; x_wconf 90' lang='lat' dir='ltr'><strong>dominationis</strong></span> <span class='ocrx_word' id='word_1_30' title='bbox 638 892 720 948; x_wconf 91' lang='lat' dir='ltr'><strong>sunt</strong></span> <span class='ocrx_word' id='word_1_31' title='bbox 735 884 939 966; x_wconf 87' lang='lat' dir='ltr'><strong>dispoliatus</strong></span> <span class='ocrx_word' id='word_1_32' title='bbox 952 883 1127 946; x_wconf 82' lang='lat' dir='ltr'><strong>debuisset</strong></span> <span class='ocrx_word' id='word_1_33' title='bbox 1137 883 1238 949; x_wconf 82' lang='lat' dir='ltr'><strong>fieri.</strong></span> 
     </span>
     <span class='ocr_line' id='line_1_6' title="bbox 187 981 1240 1066; baseline -0.001 -18"><span class='ocrx_word' id='word_1_34' title='bbox 187 985 315 1066; x_wconf 85' lang='lat' dir='ltr'><strong>omniq:</strong></span> <span class='ocrx_word' id='word_1_35' title='bbox 339 983 381 1048; x_wconf 89' lang='lat' dir='ltr'><strong>de</strong></span> <span class='ocrx_word' id='word_1_36' title='bbox 402 985 516 1066; x_wconf 85' lang='lat' dir='ltr'><strong>patria</strong></span> <span class='ocrx_word' id='word_1_37' title='bbox 537 984 606 1047; x_wconf 87' lang='lat' dir='ltr'><strong>ista</strong></span> <span class='ocrx_word' id='word_1_38' title='bbox 629 1003 705 1047; x_wconf 93' lang='lat' dir='ltr'><strong>esse</strong></span> <span class='ocrx_word' id='word_1_39' title='bbox 727 983 893 1065; x_wconf 78' lang='lat' dir='ltr'><strong>profugus</strong></span> <span class='ocrx_word' id='word_1_40' title='bbox 917 1031 924 1046; x_wconf 93' lang='lat'>.</span> <span class='ocrx_word' id='word_1_41' title='bbox 944 990 979 1047; x_wconf 90' lang='lat' dir='ltr'><strong>et</strong></span> <span class='ocrx_word' id='word_1_42' title='bbox 1008 981 1148 1064; x_wconf 67' lang='lat' dir='ltr'><strong>nunqud</strong></span> <span class='ocrx_word' id='word_1_43' title='bbox 1176 1004 1240 1049; x_wconf 88' lang='lat' dir='ltr'><strong>neo</strong></span> 
     </span>
     <span class='ocr_line' id='line_1_7' title="bbox 181 1082 1241 1166; baseline -0.002 -18"><span class='ocrx_word' id='word_1_44' title='bbox 181 1085 305 1148; x_wconf 86' lang='lat' dir='ltr'><strong>uerbis</strong></span> <span class='ocrx_word' id='word_1_45' title='bbox 328 1084 452 1147; x_wconf 90' lang='lat' dir='ltr'><strong>domne</strong></span> <span class='ocrx_word' id='word_1_46' title='bbox 473 1088 574 1166; x_wconf 88' lang='lat' dir='ltr'><strong>papae</strong></span> <span class='ocrx_word' id='word_1_47' title='bbox 595 1103 659 1148; x_wconf 86' lang='lat' dir='ltr'><strong>neo</strong></span> <span class='ocrx_word' id='word_1_48' title='bbox 685 1083 824 1146; x_wconf 83' lang='lat' dir='ltr'><strong>caesaris</strong></span> <span class='ocrx_word' id='word_1_49' title='bbox 847 1103 908 1146; x_wconf 90' lang='lat' dir='ltr'><strong>seu</strong></span> <span class='ocrx_word' id='word_1_50' title='bbox 930 1082 1071 1146; x_wconf 88' lang='lat' dir='ltr'><strong>alterius</strong></span> <span class='ocrx_word' id='word_1_51' title='bbox 1095 1082 1241 1147; x_wconf 87' lang='lat' dir='ltr'><strong>alicuius</strong></span> 
     </span>
     <span class='ocr_line' id='line_1_8' title="bbox 189 1180 1239 1265; baseline 0.001 -20"><span class='ocrx_word' id='word_1_52' title='bbox 189 1183 299 1265; x_wconf 81' lang='lat' dir='ltr'><strong>gradu</strong></span> <span class='ocrx_word' id='word_1_53' title='bbox 321 1183 387 1247; x_wconf 93' lang='lat' dir='ltr'><strong>huc</strong></span> <span class='ocrx_word' id='word_1_54' title='bbox 411 1183 447 1246; x_wconf 90' lang='lat' dir='ltr'><strong>in</strong></span> <span class='ocrx_word' id='word_1_55' title='bbox 471 1183 617 1265; x_wconf 84' lang='lat' dir='ltr'><strong>patriam</strong></span> <span class='ocrx_word' id='word_1_56' title='bbox 640 1183 730 1247; x_wconf 82' lang='lat' dir='ltr'><strong>iterii</strong></span> <span class='ocrx_word' id='word_1_57' title='bbox 753 1183 915 1264; x_wconf 82' lang='lat' dir='ltr'><strong>recipisse</strong></span> <span class='ocrx_word' id='word_1_58' title='bbox 942 1229 951 1246; x_wconf 90' lang='lat'><strong>.</strong></span> <span class='ocrx_word' id='word_1_59' title='bbox 974 1182 1041 1244; x_wconf 91' lang='lat' dir='ltr'><strong>nisi</strong></span> <span class='ocrx_word' id='word_1_60' title='bbox 1067 1180 1132 1246; x_wconf 89' lang='lat' dir='ltr'><strong>boc</strong></span> <span class='ocrx_word' id='word_1_61' title='bbox 1158 1189 1239 1246; x_wconf 89' lang='lat' dir='ltr'><strong>con-</strong></span> 
     </span>
     <span class='ocr_line' id='line_1_9' title="bbox 187 1281 1240 1364; baseline 0.001 -19"><span class='ocrx_word' id='word_1_62' title='bbox 187 1283 316 1347; x_wconf 81' lang='lat' dir='ltr'><strong>sentire</strong></span> <span class='ocrx_word' id='word_1_63' title='bbox 335 1283 513 1346; x_wconf 87' lang='lat' dir='ltr'><strong>uoluisset.</strong></span> <span class='ocrx_word' id='word_1_64' title='bbox 564 1281 630 1346; x_wconf 90' lang='lat' dir='ltr'><strong>boc</strong></span> <span class='ocrx_word' id='word_1_65' title='bbox 643 1293 660 1339; x_wconf 66' lang='grc'><strong>1</strong></span> <span class='ocrx_word' id='word_1_66' title='bbox 675 1281 767 1364; x_wconf 92' lang='lat' dir='ltr'><strong>quod</strong></span> <span class='ocrx_word' id='word_1_67' title='bbox 788 1282 885 1345; x_wconf 88' lang='lat' dir='ltr'><strong>illam</strong></span> <span class='ocrx_word' id='word_1_68' title='bbox 899 1287 1025 1346; x_wconf 86' lang='lat' dir='ltr'><strong>terrani</strong></span> <span class='ocrx_word' id='word_1_69' title='bbox 1042 1287 1089 1345; x_wconf 82' lang='lat' dir='ltr'><strong>aet</strong></span> <span class='ocrx_word' id='word_1_70' title='bbox 1102 1282 1240 1363; x_wconf 82' lang='lat' dir='ltr'><strong>iognes·</strong></span> 
     </span>
     <span class='ocr_line' id='line_1_10' title="bbox 188 1375 1240 1465; baseline 0.002 -21"><span class='ocrx_word' id='word_1_71' title='bbox 188 1382 323 1447; x_wconf 90' lang='lat' dir='ltr'><strong>homme</strong></span> <span class='ocrx_word' id='word_1_72' title='bbox 348 1430 356 1446; x_wconf 91' lang='lat'><strong>.</strong></span> <span class='ocrx_word' id='word_1_73' title='bbox 377 1399 452 1446; x_wconf 90' lang='lat' dir='ltr'><strong>ccc.</strong></span> <span class='ocrx_word' id='word_1_74' title='bbox 479 1375 618 1446; x_wconf 72' lang='lat' dir='ltr'><strong>manen‘i</strong></span> <span class='ocrx_word' id='word_1_75' title='bbox 643 1381 847 1446; x_wconf 87' lang='lat' dir='ltr'><strong>reddidisset</strong></span> <span class='ocrx_word' id='word_1_76' title='bbox 873 1431 881 1447; x_wconf 94' lang='lat'><strong>.</strong></span> <span class='ocrx_word' id='word_1_77' title='bbox 903 1381 1040 1465; x_wconf 83' lang='lat' dir='ltr'><strong>istamq:</strong></span> <span class='ocrx_word' id='word_1_78' title='bbox 1059 1382 1240 1464; x_wconf 85' lang='lat' dir='ltr'><strong>pecuniam</strong></span> 
     </span>
     <span class='ocr_line' id='line_1_11' title="bbox 188 1481 1240 1564; baseline 0 -18"><span class='ocrx_word' id='word_1_79' title='bbox 188 1482 408 1547; x_wconf 84' lang='lat' dir='ltr'><strong>tradidisset.</strong></span> <span class='ocrx_word' id='word_1_80' title='bbox 430 1498 521 1545; x_wconf 79' lang='lat' dir='ltr'><strong>cxx,</strong></span> <span class='ocrx_word' id='word_1_81' title='bbox 546 1481 685 1546; x_wconf 81' lang='lat' dir='ltr'><strong>librarii.</strong></span> <span class='ocrx_word' id='word_1_82' title='bbox 738 1481 806 1546; x_wconf 88' lang='lat' dir='ltr'><strong>Sed</strong></span> <span class='ocrx_word' id='word_1_83' title='bbox 828 1488 863 1546; x_wconf 89' lang='lat' dir='ltr'><strong>et</strong></span> <span class='ocrx_word' id='word_1_84' title='bbox 880 1482 939 1544; x_wconf 92' lang='lat' dir='ltr'><strong>ille</strong></span> <span class='ocrx_word' id='word_1_85' title='bbox 961 1481 1053 1564; x_wconf 72' lang='lat' dir='ltr'><strong>episc</strong></span> <span class='ocrx_word' id='word_1_86' title='bbox 1075 1481 1164 1546; x_wconf 89' lang='lat' dir='ltr'><strong>hanc</strong></span> <span class='ocrx_word' id='word_1_87' title='bbox 1186 1503 1240 1546; x_wconf 89' lang='lat' dir='ltr'><strong>re·</strong></span> 
     </span>
     <span class='ocr_line' id='line_1_12' title="bbox 189 1581 1240 1664; baseline -0.002 -18"><span class='ocrx_word' id='word_1_88' title='bbox 189 1582 463 1648; x_wconf 81' lang='lat' dir='ltr'><strong>conciliationem</strong></span> <span class='ocrx_word' id='word_1_89' title='bbox 472 1581 531 1645; x_wconf 92' lang='lat' dir='ltr'><strong>diu</strong></span> <span class='ocrx_word' id='word_1_90' title='bbox 545 1599 726 1645; x_wconf 89' lang='lat' dir='ltr'><strong>recussans</strong></span> <span class='ocrx_word' id='word_1_91' title='bbox 741 1589 966 1664; x_wconf 84' lang='lat' dir='ltr'><strong>spontaneaq:</strong></span> <span class='ocrx_word' id='word_1_92' title='bbox 977 1581 1156 1645; x_wconf 89' lang='lat' dir='ltr'><strong>uoluntate</strong></span> <span class='ocrx_word' id='word_1_93' title='bbox 1167 1602 1240 1646; x_wconf 92' lang='lat' dir='ltr'><strong>om-</strong></span> 
     </span>
     <span class='ocr_line' id='line_1_13' title="bbox 186 1680 1240 1746; baseline 0 -2"><span class='ocrx_word' id='word_1_94' title='bbox 186 1682 273 1746; x_wconf 92' lang='lat' dir='ltr'><strong>-nino</strong></span> <span class='ocrx_word' id='word_1_95' title='bbox 295 1682 413 1745; x_wconf 90' lang='lat' dir='ltr'><strong>insons</strong></span> <span class='ocrx_word' id='word_1_96' title='bbox 429 1680 550 1745; x_wconf 89' lang='lat' dir='ltr'><strong>nolens</strong></span> <span class='ocrx_word' id='word_1_97' title='bbox 573 1681 767 1745; x_wconf 89' lang='lat' dir='ltr'><strong>consentire</strong></span> <span class='ocrx_word' id='word_1_98' title='bbox 784 1728 790 1742; x_wconf 93' lang='lat'><em>.</em></span> <span class='ocrx_word' id='word_1_99' title='bbox 806 1681 866 1744; x_wconf 91' lang='lat' dir='ltr'><strong>sed</strong></span> <span class='ocrx_word' id='word_1_100' title='bbox 891 1683 1007 1744; x_wconf 82' lang='lat' dir='ltr'><strong>tamen</strong></span> <span class='ocrx_word' id='word_1_101' title='bbox 1029 1680 1240 1744; x_wconf 89' lang='lat' dir='ltr'><strong>tandundem</strong></span> 
     </span>
     <span class='ocr_line' id='line_1_14' title="bbox 188 1780 1240 1864; baseline 0.001 -20"><span class='ocrx_word' id='word_1_102' title='bbox 188 1801 261 1864; x_wconf 85' lang='lat' dir='ltr'><strong>pree</strong></span> <span class='ocrx_word' id='word_1_103' title='bbox 285 1781 354 1845; x_wconf 90' lang='lat' dir='ltr'><strong>ista</strong></span> <span class='ocrx_word' id='word_1_104' title='bbox 382 1780 581 1863; x_wconf 88' lang='lat' dir='ltr'><strong>supradicta</strong></span> <span class='ocrx_word' id='word_1_105' title='bbox 608 1780 843 1863; x_wconf 85' lang='lat' dir='ltr'><strong>increpatione</strong></span> <span class='ocrx_word' id='word_1_106' title='bbox 867 1781 1080 1863; x_wconf 82' lang='lat' dir='ltr'><strong>rapacitatis·</strong></span> <span class='ocrx_word' id='word_1_107' title='bbox 1099 1787 1134 1844; x_wconf 88' lang='lat' dir='ltr'><strong>et</strong></span> <span class='ocrx_word' id='word_1_108' title='bbox 1159 1781 1240 1862; x_wconf 82' lang='lat' dir='ltr'><strong>fuge</strong></span> 
     </span>
     <span class='ocr_line' id='line_1_15' title="bbox 189 1871 1239 1973; baseline -0.002 -27"><span class='ocrx_word' id='word_1_109' title='bbox 189 1889 330 1946; x_wconf 87' lang='lat' dir='ltr'><strong>coactus</strong></span> <span class='ocrx_word' id='word_1_110' title='bbox 354 1879 420 1973; x_wconf 80' lang='lat' dir='ltr'><strong>bac</strong></span> <span class='ocrx_word' id='word_1_111' title='bbox 448 1871 650 1944; x_wconf 86' lang='lat' dir='ltr'><strong>conditione.</strong></span> <span class='ocrx_word' id='word_1_112' title='bbox 666 1880 755 1944; x_wconf 87' lang='lat' dir='ltr'><strong>bano</strong></span> <span class='ocrx_word' id='word_1_113' title='bbox 778 1880 1089 1944; x_wconf 88' lang='lat' dir='ltr'><strong>reconciliationem</strong></span> <span class='ocrx_word' id='word_1_114' title='bbox 1112 1881 1162 1944; x_wconf 92' lang='lat' dir='ltr'><strong>sic</strong></span> <span class='ocrx_word' id='word_1_115' title='bbox 1186 1881 1239 1944; x_wconf 90' lang='lat' dir='ltr'><strong>in·</strong></span> 
     </span>
     <span class='ocr_line' id='line_1_16' title="bbox 190 1979 1240 2063; baseline 0.001 -19"><span class='ocrx_word' id='word_1_116' title='bbox 190 1981 482 2047; x_wconf 63' lang='lat' dir='ltr'><strong>uitus‘consensit</strong></span> <span class='ocrx_word' id='word_1_117' title='bbox 498 2027 504 2040; x_wconf 92' lang='lat'><em>.</em></span> <span class='ocrx_word' id='word_1_118' title='bbox 522 1986 562 2043; x_wconf 93' lang='lat' dir='ltr'><strong>ut</strong></span> <span class='ocrx_word' id='word_1_119' title='bbox 582 1980 674 2044; x_wconf 89' lang='lat' dir='ltr'><strong>omni</strong></span> <span class='ocrx_word' id='word_1_120' title='bbox 697 1987 870 2063; x_wconf 86' lang='lat' dir='ltr'><strong>potestate</strong></span> <span class='ocrx_word' id='word_1_121' title='bbox 892 1979 1144 2062; x_wconf 81' lang='lat' dir='ltr'><strong>oboedientiaq:</strong></span> <span class='ocrx_word' id='word_1_122' title='bbox 1162 1999 1240 2063; x_wconf 88' lang='lat' dir='ltr'><strong>quae</strong></span> 
     </span>
     <span class='ocr_line' id='line_1_17' title="bbox 189 2079 1239 2163; baseline 0 -19"><span class='ocrx_word' id='word_1_123' title='bbox 189 2083 233 2146; x_wconf 89' lang='lat' dir='ltr'><strong>ad</strong></span> <span class='ocrx_word' id='word_1_124' title='bbox 256 2080 348 2145; x_wconf 92' lang='lat' dir='ltr'><strong>illius</strong></span> <span class='ocrx_word' id='word_1_125' title='bbox 371 2079 599 2163; x_wconf 88' lang='lat' dir='ltr'><strong>episcopalem</strong></span> <span class='ocrx_word' id='word_1_126' title='bbox 623 2080 977 2162; x_wconf 86' lang='lat' dir='ltr'><strong>sedempertinebant</strong></span> <span class='ocrx_word' id='word_1_127' title='bbox 998 2080 1099 2144; x_wconf 84' lang='lat' dir='ltr'><strong>iuxta</strong></span> <span class='ocrx_word' id='word_1_128' title='bbox 1121 2087 1239 2144; x_wconf 89' lang='lat' dir='ltr'><strong>aucto-</strong></span> 
     </span>
     <span class='ocr_line' id='line_1_18' title="bbox 190 2178 1240 2262; baseline 0 -20"><span class='ocrx_word' id='word_1_129' title='bbox 190 2181 293 2245; x_wconf 69' lang='lat' dir='ltr'><strong>ritate</strong></span> <span class='ocrx_word' id='word_1_130' title='bbox 315 2180 442 2262; x_wconf 85' lang='lat' dir='ltr'><strong>gradus</strong></span> <span class='ocrx_word' id='word_1_131' title='bbox 467 2180 541 2243; x_wconf 87' lang='lat' dir='ltr'><strong>cius</strong></span> <span class='ocrx_word' id='word_1_132' title='bbox 564 2179 690 2262; x_wconf 79' lang='lat' dir='ltr'><strong>dignus</strong></span> <span class='ocrx_word' id='word_1_133' title='bbox 708 2178 831 2244; x_wconf 84' lang='lat' dir='ltr'><strong>fuisset</strong></span> <span class='ocrx_word' id='word_1_134' title='bbox 845 2180 954 2243; x_wconf 91' lang='lat' dir='ltr'><strong>.sicut</strong></span> <span class='ocrx_word' id='word_1_135' title='bbox 971 2178 1240 2261; x_wconf 83' lang='lat' dir='ltr'><strong>praedecessores</strong></span> 
     </span>
     <span class='ocr_line' id='line_1_19' title="bbox 191 2278 1239 2360; baseline -0.001 -16"><span class='ocrx_word' id='word_1_136' title='bbox 191 2281 264 2344; x_wconf 89' lang='lat' dir='ltr'><strong>eius</strong></span> <span class='ocrx_word' id='word_1_137' title='bbox 284 2280 385 2344; x_wconf 83' lang='lat' dir='ltr'><strong>iuxta</strong></span> <span class='ocrx_word' id='word_1_138' title='bbox 406 2279 532 2343; x_wconf 85' lang='lat' dir='ltr'><strong>iustam</strong></span> <span class='ocrx_word' id='word_1_139' title='bbox 553 2280 707 2343; x_wconf 86' lang='lat' dir='ltr'><strong>ordinem</strong></span> <span class='ocrx_word' id='word_1_140' title='bbox 728 2280 765 2342; x_wconf 94' lang='lat' dir='ltr'><strong>in</strong></span> <span class='ocrx_word' id='word_1_141' title='bbox 786 2278 940 2360; x_wconf 87' lang='lat' dir='ltr'><strong>pristinis</strong></span> <span class='ocrx_word' id='word_1_142' title='bbox 960 2279 1139 2360; x_wconf 87' lang='lat' dir='ltr'><strong>temporib:</strong></span> <span class='ocrx_word' id='word_1_143' title='bbox 1158 2285 1239 2343; x_wconf 89' lang='lat' dir='ltr'><strong>ante</strong></span> 
     </span>
     <span class='ocr_line' id='line_1_20' title="bbox 188 2377 1244 2462; baseline -0.004 -18"><span class='ocrx_word' id='word_1_144' title='bbox 188 2400 250 2462; x_wconf 92' lang='lat' dir='ltr'><strong>per</strong></span> <span class='ocrx_word' id='word_1_145' title='bbox 263 2379 379 2462; x_wconf 88' lang='lat' dir='ltr'><strong>omnia</strong></span> <span class='ocrx_word' id='word_1_146' title='bbox 393 2379 596 2443; x_wconf 88' lang='lat' dir='ltr'><strong>habuerant.</strong></span> <span class='ocrx_word' id='word_1_147' title='bbox 648 2378 715 2442; x_wconf 87' lang='lat' dir='ltr'><strong>Sed</strong></span> <span class='ocrx_word' id='word_1_148' title='bbox 734 2385 770 2442; x_wconf 90' lang='lat' dir='ltr'><strong>et</strong></span> <span class='ocrx_word' id='word_1_149' title='bbox 793 2377 891 2460; x_wconf 89' lang='lat' dir='ltr'><strong>hocq:</strong></span> <span class='ocrx_word' id='word_1_150' title='bbox 908 2377 967 2441; x_wconf 90' lang='lat' dir='ltr'><strong>ille</strong></span> <span class='ocrx_word' id='word_1_151' title='bbox 985 2397 1048 2441; x_wconf 88' lang='lat' dir='ltr'><strong>rex</strong></span> <span class='ocrx_word' id='word_1_152' title='bbox 1069 2377 1244 2441; x_wconf 90' lang='lat' dir='ltr'><strong>coenwulf</strong></span> 
     </span>
     <span class='ocr_line' id='line_1_21' title="bbox 187 2475 1237 2563; baseline -0.002 -21"><span class='ocrx_word' id='word_1_153' title='bbox 187 2480 269 2544; x_wconf 77' lang='lat' dir='ltr'><strong>illo:</strong></span> <span class='ocrx_word' id='word_1_154' title='bbox 284 2481 446 2563; x_wconf 91' lang='lat' dir='ltr'><strong>episcopo</strong></span> <span class='ocrx_word' id='word_1_155' title='bbox 485 2477 753 2542; x_wconf 86' lang='lat' dir='ltr'><strong>reconciliauit.</strong></span> <span class='ocrx_word' id='word_1_156' title='bbox 780 2486 820 2543; x_wconf 93' lang='lat' dir='ltr'><strong>ut</strong></span> <span class='ocrx_word' id='word_1_157' title='bbox 850 2477 967 2541; x_wconf 84' lang='lat' dir='ltr'><strong>omniii</strong></span> <span class='ocrx_word' id='word_1_158' title='bbox 999 2475 1237 2559; x_wconf 76' lang='lat' dir='ltr'><strong>suprodictarii</strong></span> 
     </span>
     <span class='ocr_line' id='line_1_22' title="bbox 188 2577 1238 2661; baseline -0.003 -19"><span class='ocrx_word' id='word_1_159' title='bbox 188 2579 455 2661; x_wconf 83' lang='lat' dir='ltr'><strong>sucggillationii</strong></span> <span class='ocrx_word' id='word_1_160' title='bbox 494 2578 775 2660; x_wconf 88' lang='lat' dir='ltr'><strong>discordiarumq:</strong></span> <span class='ocrx_word' id='word_1_161' title='bbox 813 2577 990 2642; x_wconf 83' lang='lat' dir='ltr'><strong>insontem</strong></span> <span class='ocrx_word' id='word_1_162' title='bbox 1020 2583 1056 2640; x_wconf 87' lang='lat' dir='ltr'><strong>et</strong></span> <span class='ocrx_word' id='word_1_163' title='bbox 1081 2594 1238 2640; x_wconf 90' lang='lat' dir='ltr'><strong>securum</strong></span> 
     </span>
     <span class='ocr_line' id='line_1_23' title="bbox 189 2675 1238 2761; baseline -0.003 -18"><span class='ocrx_word' id='word_1_164' title='bbox 189 2683 310 2744; x_wconf 82' lang='lat' dir='ltr'><strong>centra</strong></span> <span class='ocrx_word' id='word_1_165' title='bbox 333 2679 455 2743; x_wconf 90' lang='lat' dir='ltr'><strong>domne</strong></span> <span class='ocrx_word' id='word_1_166' title='bbox 478 2680 593 2761; x_wconf 87' lang='lat' dir='ltr'><strong>papan</strong></span> <span class='ocrx_word' id='word_1_167' title='bbox 610 2677 756 2742; x_wconf 90' lang='lat' dir='ltr'><strong>fecisset.</strong></span> <span class='ocrx_word' id='word_1_168' title='bbox 809 2685 871 2741; x_wconf 88' lang='lat' dir='ltr'><strong>aut</strong></span> <span class='ocrx_word' id='word_1_169' title='bbox 890 2677 921 2740; x_wconf 90' lang='lat' dir='ltr'><strong>si</strong></span> <span class='ocrx_word' id='word_1_170' title='bbox 944 2676 1010 2740; x_wconf 89' lang='lat' dir='ltr'><strong>boc</strong></span> <span class='ocrx_word' id='word_1_171' title='bbox 1035 2675 1147 2740; x_wconf 80' lang='lat' dir='ltr'><strong>secere</strong></span> <span class='ocrx_word' id='word_1_172' title='bbox 1169 2685 1238 2740; x_wconf 89' lang='lat' dir='ltr'><strong>non</strong></span> 
     </span>
     <span class='ocr_line' id='line_1_24' title="bbox 189 2775 1238 2862; baseline -0.003 -19"><span class='ocrx_word' id='word_1_173' title='bbox 189 2780 358 2862; x_wconf 90' lang='lat' dir='ltr'><strong>potuisset</strong></span> <span class='ocrx_word' id='word_1_174' title='bbox 372 2778 467 2842; x_wconf 85' lang='lat' dir='ltr'><strong>illam</strong></span> <span class='ocrx_word' id='word_1_175' title='bbox 482 2777 663 2860; x_wconf 87' lang='lat' dir='ltr'><strong>pecuniam</strong></span> <span class='ocrx_word' id='word_1_176' title='bbox 677 2795 706 2860; x_wconf 68' lang='lat' dir='ltr'><strong>q³</strong></span> <span class='ocrx_word' id='word_1_177' title='bbox 722 2775 754 2840; x_wconf 87' lang='lat' dir='ltr'><strong>ei</strong></span> <span class='ocrx_word' id='word_1_178' title='bbox 769 2776 920 2841; x_wconf 88' lang='lat' dir='ltr'><strong>dedisset</strong></span> <span class='ocrx_word' id='word_1_179' title='bbox 934 2776 1066 2840; x_wconf 67' lang='lat' dir='ltr'><strong>iterum?</strong></span> <span class='ocrx_word' id='word_1_180' title='bbox 1077 2775 1238 2858; x_wconf 90' lang='lat' dir='ltr'><strong>episcopo</strong></span> 
     </span>
     <span class='ocr_line' id='line_1_25' title="bbox 191 2874 1238 2943; baseline -0.004 0"><span class='ocrx_word' id='word_1_181' title='bbox 191 2879 308 2943; x_wconf 86' lang='lat' dir='ltr'><strong>omnia</strong></span> <span class='ocrx_word' id='word_1_182' title='bbox 331 2876 546 2942; x_wconf 87' lang='lat' dir='ltr'><strong>reddidisset.</strong></span> <span class='ocrx_word' id='word_1_183' title='bbox 598 2876 667 2941; x_wconf 88' lang='lat' dir='ltr'><strong>Sed</strong></span> <span class='ocrx_word' id='word_1_184' title='bbox 695 2876 781 2940; x_wconf 91' lang='lat' dir='ltr'><strong>nibil</strong></span> <span class='ocrx_word' id='word_1_185' title='bbox 810 2877 912 2940; x_wconf 91' lang='lat' dir='ltr'><strong>huius</strong></span> <span class='ocrx_word' id='word_1_186' title='bbox 939 2874 1096 2939; x_wconf 86' lang='lat' dir='ltr'><strong>condicto</strong></span> <span class='ocrx_word' id='word_1_187' title='bbox 1120 2875 1238 2939; x_wconf 74' lang='lat' dir='ltr'><strong>condi·-</strong></span> 
     </span>
     <span class='ocr_line' id='line_1_26' title="bbox 191 2973 1238 3060; baseline -0.004 -18"><span class='ocrx_word' id='word_1_188' title='bbox 191 2979 298 3042; x_wconf 77' lang='lat' dir='ltr'><strong>&#39;cionis</strong></span> <span class='ocrx_word' id='word_1_189' title='bbox 316 2978 493 3060; x_wconf 91' lang='lat' dir='ltr'><strong>impletum</strong></span> <span class='ocrx_word' id='word_1_190' title='bbox 508 2983 573 3040; x_wconf 89' lang='lat' dir='ltr'><strong>est.</strong></span> <span class='ocrx_word' id='word_1_191' title='bbox 617 2975 684 3039; x_wconf 89' lang='lat' dir='ltr'><strong>Sed</strong></span> <span class='ocrx_word' id='word_1_192' title='bbox 708 2975 782 3040; x_wconf 84' lang='lat' dir='ltr'><strong>hoec</strong></span> <span class='ocrx_word' id='word_1_193' title='bbox 804 2977 967 3041; x_wconf 90' lang='lat' dir='ltr'><strong>continua</strong></span> <span class='ocrx_word' id='word_1_194' title='bbox 989 2973 1106 3038; x_wconf 85' lang='lat' dir='ltr'><strong>omnia</strong></span> <span class='ocrx_word' id='word_1_195' title='bbox 1117 2973 1238 3038; x_wconf 86' lang='lat' dir='ltr'><strong>fallata</strong></span> 
     </span>
     <span class='ocr_line' id='line_1_27' title="bbox 191 3074 1237 3160; baseline -0.004 -20"><span class='ocrx_word' id='word_1_196' title='bbox 191 3085 273 3140; x_wconf 87' lang='lat' dir='ltr'><strong>sunt</strong></span> <span class='ocrx_word' id='word_1_197' title='bbox 290 3125 297 3142; x_wconf 93' lang='lat'>.</span> <span class='ocrx_word' id='word_1_198' title='bbox 316 3077 398 3160; x_wconf 91' lang='lat' dir='ltr'><strong>quia</strong></span> <span class='ocrx_word' id='word_1_199' title='bbox 413 3084 493 3158; x_wconf 91' lang='lat' dir='ltr'><strong>post</strong></span> <span class='ocrx_word' id='word_1_200' title='bbox 507 3075 626 3140; x_wconf 86' lang='lat' dir='ltr'><strong>eadem</strong></span> <span class='ocrx_word' id='word_1_201' title='bbox 636 3075 959 3140; x_wconf 79' lang='lat' dir='ltr'><strong>&#39;reconciliationem</strong></span> <span class='ocrx_word' id='word_1_202' title='bbox 976 3075 1055 3139; x_wconf 89' lang='lat' dir='ltr'><strong>trib:</strong></span> <span class='ocrx_word' id='word_1_203' title='bbox 1071 3075 1171 3138; x_wconf 87' lang='lat' dir='ltr'><strong>annis</strong></span> <span class='ocrx_word' id='word_1_204' title='bbox 1185 3074 1237 3137; x_wconf 63' lang='lat' dir='ltr'><strong>inss</strong></span> 
     </span>
     <span class='ocr_line' id='line_1_28' title="bbox 191 3173 1239 3258; baseline -0.005 -17"><span class='ocrx_word' id='word_1_205' title='bbox 191 3178 297 3258; x_wconf 84' lang='lat' dir='ltr'><strong>tegris</strong></span> <span class='ocrx_word' id='word_1_206' title='bbox 316 3185 363 3254; x_wconf 84' lang='lat' dir='ltr'><strong>aet</strong></span> <span class='ocrx_word' id='word_1_207' title='bbox 382 3174 597 3258; x_wconf 74' lang='lat' dir='ltr'><strong>submynstre</strong></span> <span class='ocrx_word' id='word_1_208' title='bbox 620 3181 692 3238; x_wconf 89' lang='lat' dir='ltr'><strong>tarn</strong></span> <span class='ocrx_word' id='word_1_209' title='bbox 719 3176 755 3240; x_wconf 93' lang='lat' dir='ltr'><strong>in</strong></span> <span class='ocrx_word' id='word_1_210' title='bbox 781 3185 884 3258; x_wconf 83' lang='lat' dir='ltr'><strong>pastu</strong></span> <span class='ocrx_word' id='word_1_211' title='bbox 895 3182 940 3239; x_wconf 85' lang='lat' dir='ltr'><strong>et</strong></span> <span class='ocrx_word' id='word_1_212' title='bbox 958 3173 1106 3257; x_wconf 88' lang='lat' dir='ltr'><strong>pecunia</strong></span> <span class='ocrx_word' id='word_1_213' title='bbox 1124 3174 1239 3238; x_wconf 86' lang='lat' dir='ltr'><strong>uesti-</strong></span> 
     </span>
     <span class='ocr_line' id='line_1_29' title="bbox 190 3273 1238 3359; baseline -0.004 -19"><span class='ocrx_word' id='word_1_214' title='bbox 190 3278 349 3359; x_wconf 90' lang='lat' dir='ltr'><strong>mentisq:</strong></span> <span class='ocrx_word' id='word_1_215' title='bbox 377 3295 429 3339; x_wconf 90' lang='lat' dir='ltr'><strong>ac·</strong></span> <span class='ocrx_word' id='word_1_216' title='bbox 440 3275 533 3340; x_wconf 91' lang='lat' dir='ltr'><strong>omni</strong></span> <span class='ocrx_word' id='word_1_217' title='bbox 556 3275 772 3339; x_wconf 87' lang='lat' dir='ltr'><strong>oboedientia</strong></span> <span class='ocrx_word' id='word_1_218' title='bbox 794 3295 883 3358; x_wconf 86' lang='lat' dir='ltr'><strong>quae</strong></span> <span class='ocrx_word' id='word_1_219' title='bbox 900 3275 944 3338; x_wconf 89' lang='lat' dir='ltr'><strong>ad</strong></span> <span class='ocrx_word' id='word_1_220' title='bbox 958 3275 1054 3337; x_wconf 87' lang='lat' dir='ltr'><strong>illam</strong></span> <span class='ocrx_word' id='word_1_221' title='bbox 1070 3273 1238 3356; x_wconf 87' lang='lat' dir='ltr'><strong>archiepi-</strong></span> 
     </span>
     <span class='ocr_line' id='line_1_30' title="bbox 190 3372 1237 3459; baseline -0.005 -19"><span class='ocrx_word' id='word_1_222' title='bbox 190 3377 362 3459; x_wconf 87' lang='lat' dir='ltr'><strong>scopalem</strong></span> <span class='ocrx_word' id='word_1_223' title='bbox 378 3375 494 3440; x_wconf 89' lang='lat' dir='ltr'><strong>sedem</strong></span> <span class='ocrx_word' id='word_1_224' title='bbox 506 3375 702 3457; x_wconf 86' lang='lat' dir='ltr'><strong>pertinebat</strong></span> <span class='ocrx_word' id='word_1_225' title='bbox 715 3374 789 3437; x_wconf 87' lang='lat' dir='ltr'><strong>sinc</strong></span> <span class='ocrx_word' id='word_1_226' title='bbox 803 3374 896 3438; x_wconf 93' lang='lat' dir='ltr'><strong>omni</strong></span> <span class='ocrx_word' id='word_1_227' title='bbox 915 3374 1044 3437; x_wconf 89' lang='lat' dir='ltr'><strong>bonore</strong></span> <span class='ocrx_word' id='word_1_228' title='bbox 1058 3372 1237 3437; x_wconf 86' lang='lat' dir='ltr'><strong>fraudatus</strong></span> 
     </span>
     <span class='ocr_line' id='line_1_31' title="bbox 191 3470 1237 3556; baseline -0.004 -16"><span class='ocrx_word' id='word_1_229' title='bbox 191 3485 267 3540; x_wconf 87' lang='lat' dir='ltr'><strong>est.</strong></span> <span class='ocrx_word' id='word_1_230' title='bbox 285 3476 397 3556; x_wconf 89' lang='lat' dir='ltr'><strong>aliisq:</strong></span> <span class='ocrx_word' id='word_1_231' title='bbox 421 3475 458 3538; x_wconf 94' lang='lat' dir='ltr'><strong>in</strong></span> <span class='ocrx_word' id='word_1_232' title='bbox 477 3475 562 3538; x_wconf 89' lang='lat' dir='ltr'><strong>locis</strong></span> <span class='ocrx_word' id='word_1_233' title='bbox 585 3473 801 3556; x_wconf 90' lang='lat' dir='ltr'><strong>perplurimis</strong></span> <span class='ocrx_word' id='word_1_234' title='bbox 824 3473 919 3537; x_wconf 87' lang='lat' dir='ltr'><strong>illius</strong></span> <span class='ocrx_word' id='word_1_235' title='bbox 935 3470 1117 3555; x_wconf 89' lang='lat' dir='ltr'><strong>porocbiae</strong></span> <span class='ocrx_word' id='word_1_236' title='bbox 1138 3471 1237 3536; x_wconf 91' lang='lat' dir='ltr'><strong>inbo-</strong></span> 
     </span>
     <span class='ocr_line' id='line_1_32' title="bbox 190 3568 1237 3657; baseline -0.003 -18"><span class='ocrx_word' id='word_1_237' title='bbox 190 3583 333 3640; x_wconf 86' lang='lat' dir='ltr'><strong>noratus</strong></span> <span class='ocrx_word' id='word_1_238' title='bbox 344 3582 406 3639; x_wconf 89' lang='lat' dir='ltr'><strong>est.</strong></span> <span class='ocrx_word' id='word_1_239' title='bbox 438 3610 442 3617; x_wconf 36' lang='grc' dir='ltr'><em>ι</em></span> <span class='ocrx_word' id='word_1_240' title='bbox 461 3573 590 3638; x_wconf 90' lang='lat' dir='ltr'><strong>Postea</strong></span> <span class='ocrx_word' id='word_1_241' title='bbox 612 3575 648 3637; x_wconf 89' lang='lat' dir='ltr'><strong>u⁰</strong></span> <span class='ocrx_word' id='word_1_242' title='bbox 662 3573 808 3655; x_wconf 81' lang='lat' dir='ltr'><strong>contigit</strong></span> <span class='ocrx_word' id='word_1_243' title='bbox 827 3579 867 3636; x_wconf 92' lang='lat' dir='ltr'><strong>ut</strong></span> <span class='ocrx_word' id='word_1_244' title='bbox 883 3572 919 3635; x_wconf 91' lang='lat' dir='ltr'><strong>in</strong></span> <span class='ocrx_word' id='word_1_245' title='bbox 935 3570 1114 3654; x_wconf 88' lang='lat' dir='ltr'><strong>temporib:</strong></span> <span class='ocrx_word' id='word_1_246' title='bbox 1131 3568 1237 3657; x_wconf 75' lang='lat' dir='ltr'><strong>pdicti</strong></span> 
     </span>
     <span class='ocr_line' id='line_1_33' title="bbox 190 3670 1238 3755; baseline -0.006 -15"><span class='ocrx_word' id='word_1_247' title='bbox 190 3674 390 3740; x_wconf 85' lang='lat' dir='ltr'><strong>beornwulii</strong></span> <span class='ocrx_word' id='word_1_248' title='bbox 410 3673 502 3755; x_wconf 83' lang='lat' dir='ltr'><strong>regis</strong></span> <span class='ocrx_word' id='word_1_249' title='bbox 529 3673 572 3737; x_wconf 86' lang='lat' dir='ltr'><strong>ad</strong></span> <span class='ocrx_word' id='word_1_250' title='bbox 597 3673 727 3754; x_wconf 89' lang='lat' dir='ltr'><strong>illamq:</strong></span> <span class='ocrx_word' id='word_1_251' title='bbox 752 3673 1046 3754; x_wconf 86' lang='lat' dir='ltr'><strong>praenominatam</strong></span> <span class='ocrx_word' id='word_1_252' title='bbox 1068 3670 1238 3753; x_wconf 86' lang='lat' dir='ltr'><strong>synodum</strong></span> 
     </span>
     <span class='ocr_line' id='line_1_34' title="bbox 191 3767 1241 3855; baseline -0.005 -15"><span class='ocrx_word' id='word_1_253' title='bbox 191 3778 248 3840; x_wconf 86' lang='lat' dir='ltr'><strong>a&#39;et</strong></span> <span class='ocrx_word' id='word_1_254' title='bbox 270 3774 480 3840; x_wconf 90' lang='lat' dir='ltr'><strong>clofeshoum</strong></span> <span class='ocrx_word' id='word_1_255' title='bbox 495 3773 554 3837; x_wconf 92' lang='lat' dir='ltr'><strong>ille</strong></span> <span class='ocrx_word' id='word_1_256' title='bbox 572 3772 720 3855; x_wconf 77' lang='lat' dir='ltr'><strong>aicepi&#39;sc</strong></span> <span class='ocrx_word' id='word_1_257' title='bbox 735 3771 869 3836; x_wconf 82' lang='lat' dir='ltr'><strong>uulfred</strong></span> <span class='ocrx_word' id='word_1_258' title='bbox 885 3767 1141 3853; x_wconf 74' lang='lat' dir='ltr'><strong>cwoenbrybam</strong></span> <span class='ocrx_word' id='word_1_259' title='bbox 1157 3770 1241 3835; x_wconf 72' lang='lat' dir='ltr'><strong>esst</strong></span> 
     </span>
     <span class='ocr_line' id='line_1_35' title="bbox 150 3869 1238 3939; baseline -0.006 0"><span class='ocrx_word' id='word_1_260' title='bbox 150 3879 153 3885; x_wconf 81' lang='grc'><em>’</em></span> <span class='ocrx_word' id='word_1_261' title='bbox 189 3875 349 3939; x_wconf 89' lang='lat' dir='ltr'><strong>heredem</strong></span> <span class='ocrx_word' id='word_1_262' title='bbox 372 3872 551 3938; x_wconf 89' lang='lat' dir='ltr'><strong>coenwulfi</strong></span> <span class='ocrx_word' id='word_1_263' title='bbox 577 3892 655 3935; x_wconf 91' lang='lat' dir='ltr'><strong>cum</strong></span> <span class='ocrx_word' id='word_1_264' title='bbox 682 3871 801 3936; x_wconf 89' lang='lat' dir='ltr'><strong>eadem</strong></span> <span class='ocrx_word' id='word_1_265' title='bbox 822 3870 1012 3936; x_wconf 88' lang='lat' dir='ltr'><strong>hereditate</strong></span> <span class='ocrx_word' id='word_1_266' title='bbox 1033 3869 1125 3934; x_wconf 90' lang='lat' dir='ltr'><strong>illius</strong></span> <span class='ocrx_word' id='word_1_267' title='bbox 1148 3869 1238 3932; x_wconf 91' lang='lat' dir='ltr'><strong>inui-</strong></span> 
     </span>
     <span class='ocr_line' id='line_1_36' title="bbox 190 3969 1238 4055; baseline -0.009 -15"><span class='ocrx_word' id='word_1_268' title='bbox 190 3977 291 4040; x_wconf 87' lang='lat' dir='ltr'><strong>tabat</strong></span> <span class='ocrx_word' id='word_1_269' title='bbox 318 4023 325 4037; x_wconf 93' lang='lat'>.</span> <span class='ocrx_word' id='word_1_270' title='bbox 351 3973 658 4055; x_wconf 88' lang='lat' dir='ltr'><strong>emendationemq:</strong></span> <span class='ocrx_word' id='word_1_271' title='bbox 678 3971 754 4034; x_wconf 83' lang='lat' dir='ltr'><strong>sibi</strong></span> <span class='ocrx_word' id='word_1_272' title='bbox 782 3971 933 4036; x_wconf 89' lang='lat' dir='ltr'><strong>omnium</strong></span> <span class='ocrx_word' id='word_1_273' title='bbox 964 3969 1238 4052; x_wconf 81' lang='lat' dir='ltr'><strong>supradictarum</strong></span> 
     </span>
     <span class='ocr_line' id='line_1_37' title="bbox 190 4069 1238 4154; baseline -0.005 -16"><span class='ocrx_word' id='word_1_274' title='bbox 190 4074 390 4138; x_wconf 79' lang='lat' dir='ltr'><strong>molestiari&#39;r</strong></span> <span class='ocrx_word' id='word_1_275' title='bbox 410 4072 644 4154; x_wconf 87' lang='lat' dir='ltr'><strong>iniuriarumq:</strong></span> <span class='ocrx_word' id='word_1_276' title='bbox 667 4071 857 4154; x_wconf 85' lang='lat' dir='ltr'><strong>postulauit</strong></span> <span class='ocrx_word' id='word_1_277' title='bbox 873 4117 881 4134; x_wconf 86' lang='lat'><strong>.</strong></span> <span class='ocrx_word' id='word_1_278' title='bbox 897 4090 983 4154; x_wconf 86' lang='lat' dir='ltr'><strong>quas</strong></span> <span class='ocrx_word' id='word_1_279' title='bbox 997 4069 1056 4133; x_wconf 94' lang='lat' dir='ltr'><strong>ille</strong></span> <span class='ocrx_word' id='word_1_280' title='bbox 1070 4069 1160 4132; x_wconf 91' lang='lat' dir='ltr'><strong>idem</strong></span> <span class='ocrx_word' id='word_1_281' title='bbox 1175 4089 1238 4133; x_wconf 86' lang='lat' dir='ltr'><strong>rex</strong></span> 
     </span>
     <span class='ocr_line' id='line_1_38' title="bbox 191 4167 1239 4258; baseline -0.003 -21"><span class='ocrx_word' id='word_1_282' title='bbox 191 4173 366 4239; x_wconf 85' lang='lat' dir='ltr'><strong>coenwulf</strong></span> <span class='ocrx_word' id='word_1_283' title='bbox 374 4172 440 4236; x_wconf 90' lang='lat' dir='ltr'><strong>sibi</strong></span> <span class='ocrx_word' id='word_1_284' title='bbox 463 4180 498 4237; x_wconf 91' lang='lat' dir='ltr'><strong>et</strong></span> <span class='ocrx_word' id='word_1_285' title='bbox 512 4172 676 4236; x_wconf 87' lang='lat' dir='ltr'><strong>ecclesiae</strong></span> <span class='ocrx_word' id='word_1_286' title='bbox 695 4167 756 4258; x_wconf 70' lang='lat' dir='ltr'><strong>xpi</strong></span> <span class='ocrx_word' id='word_1_287' title='bbox 777 4172 816 4236; x_wconf 73' lang='lat' dir='ltr'><strong>tic</strong></span> <span class='ocrx_word' id='word_1_288' title='bbox 835 4170 1019 4254; x_wconf 90' lang='lat' dir='ltr'><strong>porocbiae</strong></span> <span class='ocrx_word' id='word_1_289' title='bbox 1033 4168 1108 4233; x_wconf 89' lang='lat' dir='ltr'><strong>eius</strong></span> <span class='ocrx_word' id='word_1_290' title='bbox 1120 4168 1239 4253; x_wconf 91' lang='lat' dir='ltr'><strong>iniqua</strong></span> 
     </span>
    </p>
   </div>
   <div class='ocr_carea' id='block_1_4' title="bbox 0 0 1576 5030">
    <p class='ocr_par' dir='ltr' id='par_1_4' title="bbox 0 0 1576 5030">
     <span class='ocr_line' id='line_1_39' title="bbox 0 0 1576 5030; baseline 0 0"><span class='ocrx_word' id='word_1_291' title='bbox 0 0 1576 5030; x_wconf 95' lang='lat' dir='ltr'><strong> </strong></span> 
     </span>
    </p>
   </div>
  </div>
 </body>
</html>
