3134 5030
314 421 381 488 300
571 433 744 485 curaris
765 431 1114 482 ruonosaxourorn,

313 618 336 688 7
356 597 388 660 ic
411 595 514 662 bidde
532 619 555 687 7
577 615 623 660 en
643 594 750 678 godes
770 589 948 675 lihgendes
971 609 1098 655 naman
1122 587 1267 655 hebiade
1279 584 1371 653 baem

313 717 394 762 men
423 694 464 761 de
491 696 543 761 his
571 696 655 762 land
680 718 703 787 7
728 694 779 759 bis
806 694 887 758 erbo
911 691 1021 757 hehbe
1044 698 1081 756 et
1104 688 1371 772 mnndlingham

315 795 372 862 bet
394 797 437 863 he
458 796 519 862 bas
547 795 616 879 god
645 793 803 860 forbleste
835 792 876 857 ob
899 792 1063 857 wiaralde
1098 791 1185 856 ende
1221 811 1260 856 se
1289 809 1374 854 man

316 918 354 964 se
386 895 437 962 his
461 898 609 962 healdan
629 896 720 961 wille
744 917 766 987 7
788 894 901 959 lettan
919 890 976 958 det
1008 894 1040 958 ic
1069 892 1224 957 beboden
1258 891 1371 955 hehbe

316 1018 363 1063 an
382 996 487 1063 bisem
510 998 653 1080 gewrite
677 1015 715 1060 se
738 995 809 1061 him
832 993 928 1058 seoid
948 1016 971 1085 7
999 992 1190 1075 gehealden
1216 991 1270 1055 sia
1294 990 1372 1054 hia-

314 1100 447 1164 benlice
461 1099 631 1180 bledsung
653 1115 691 1161 se
712 1096 766 1160 his
788 1094 954 1160 ferwerne
968 1091 1051 1158 ohbe
1064 1093 1115 1158 hit
1132 1092 1230 1175 agele
1245 1110 1283 1154 se
1297 1091 1370 1154 him

314 1200 410 1266 scald
427 1221 450 1291 7
471 1198 661 1283 gehealden
677 1197 767 1260 helle
785 1196 864 1261 wite
880 1197 963 1260 bute
982 1194 1025 1258 he
1047 1200 1085 1258 to
1106 1193 1197 1258 fulre
1209 1195 1291 1257 bote
1307 1211 1373 1274 ge·

315 1303 437 1367 cer-ran
451 1299 541 1365 wille
556 1298 644 1381 gode
658 1319 680 1388 7
694 1316 859 1370 mannum
907 1315 996 1363 nene
1010 1295 1139 1362 ualete.

365 1394 512 1460 Indorred
526 1399 565 1482 ›1‹
582 1398 652 1464 lufe
665 1396 918 1486 bincg·gewrit.

715 1696 960 1763 CCXXXII.

546 1847 831 1927 EGGBERHT,
854 1847 939 1912 Dec.
954 1847 1050 1926 roth,
1065 1845 1143 1912 833.

355 1998 395 2081 ⁶1⁴
412 1996 458 2062 Iu
473 1999 611 2064 nomine
625 1997 754 2063 domini
770 1996 881 2062 nostri
893 1996 999 2061 Ihesu
1009 1994 1159 2062 Christi!
1186 1997 1262 2078 Ego
1273 1995 1366 2080 Ecg'-

313 2101 432 2165 bertus
445 2099 559 2182 gratia
569 2099 625 2164 dei
637 2097 899 2164 occidentalium
915 2097 1094 2162 Saxonum
1104 2117 1179 2177 rex,
1188 2116 1267 2160 cnm
1280 2117 1368 2162 con-

314 2220 419 2265 sensu
438 2208 474 2266 et
496 2199 668 2264 communi
690 2199 833 2263 consilio
855 2197 1094 2282 episcoporum
1115 2204 1150 2261 et
1171 2198 1366 2282 principum

314 2321 467 2365 meorum
479 2320 520 2366 ac
535 2301 643 2366 totius
652 2299 761 2384 plebis
771 2319 868 2362 meae
880 2300 1066 2376 seniorum,
1077 2297 1167 2362 hanc
1175 2299 1367 2363 testimonii

312 2402 481 2468 cartulam
492 2401 706 2466 conscribere
715 2400 817 2479 iussi;
833 2397 867 2463 id
879 2406 934 2464 est
945 2400 1062 2464 decem
1073 2399 1285 2462 manentium
1294 2407 1368 2464 ter-

313 2521 374 2580 rae
388 2502 481 2565 illius
503 2500 562 2565 ubi
584 2501 709 2565 dicitur
721 2499 919 2568 Wennland
938 2500 1039 2565 iuxta
1055 2507 1097 2564 ut
1108 2499 1252 2563 firmiter
1263 2500 1367 2564 iuxta

313 2601 492 2685 antiquam
514 2601 803 2685 conscriptionem
823 2600 909 2684 ipsis
936 2600 1190 2685 possessoribus
1218 2620 1367 2684 quorum

313 2702 457 2786 propria
482 2702 691 2780 haereditas,
713 2701 749 2766 id
775 2707 857 2766 sunt
884 2708 955 2770 tros
988 2720 1124 2767 sorores
1154 2701 1365 2784 Beornwyn‚

312 2800 443 2881 Alfied,
461 2802 720 2880 Uualenhurch,
743 2803 922 2884 assignata
947 2808 1147 2885 permaneat
1166 2821 1244 2866 cum
1271 2801 1366 2866 eius-

312 2903 391 2980 dem
413 2904 608 2982 territoriis,
624 2912 659 2968 et
674 2903 832 2967 omnibus
849 2903 951 2967 rebus
974 2902 1018 2966 ad
1041 2902 1363 2984 sepertinentibus,

312 3005 443 3088 absque
453 3005 527 3071 ulla
540 3004 811 3070 contradictione
831 3004 930 3067 firma
950 3002 1140 3068 stabilitate
1154 3010 1363 3086 perseueret.

317 3102 365 3172 Et
384 3105 508 3170 iccirco
522 3105 677 3184 fecimus,
692 3105 774 3188 quia
791 3105 962 3168 nescimus
978 3123 1042 3187 pro
1061 3123 1131 3186 qua
1153 3122 1259 3166 causa
1279 3123 1365 3168 con·

313 3203 419 3287 tingit
441 3205 534 3288 quod
558 3205 731 3270 anteriora
760 3203 1011 3288 scripsiuncula
1039 3204 1173 3287 perdita
1203 3203 1362 3269 fuissent.

239 3381 241 3387 ¹
316 3302 364 3370 Et
387 3303 418 3369 si
441 3325 593 3389 unquam
619 3305 757 3371 eueniat
769 3312 810 3394 nt
831 3306 875 3370 ab
898 3303 1001 3369 alicui
1023 3304 1199 3368 hominnm
1221 3303 1365 3369 inuenta

313 3405 541 3489 reperiantur,
563 3405 631 3470 nisi
650 3407 688 3471 in
709 3404 831 3471 suhaffr
855 3412 890 3470 et
915 3405 1200 3470 sustentationem
1216 3404 1362 3468 hiisdem

314 3505 517 3572 haeredibus
540 3507 756 3589 perueniant,
790 3506 860 3570 sint
886 3525 1021 3589 semper
1048 3505 1236 3570 diiudicata
1257 3511 1363 3587 atque

314 3607 527 3690 praescripta
540 3608 584 3672 ab
597 3606 754 3672 omnibus
768 3606 947 3672 catholicis
962 3613 1111 3670 erectam
1124 3605 1225 3670 fidem
1247 3605 1364 3670 colen·

315 3708 419 3786 tibus,
432 3707 528 3772 illam
547 3715 693 3790 utraque
708 3714 835 3772 terram
850 3707 987 3771 easdem
1002 3707 1282 3790 praenominatae
1304 3727 1362 3772 so-

315 3827 409 3873 rores
433 3808 525 3873 inter
539 3827 576 3873 se
599 3807 792 3874 diuidentes
814 3806 1050 3892 unusquisque
1068 3807 1205 3871 illarum
1227 3809 1363 3889 accepit

315 3925 370 3973 111.
387 3915 542 3974 cassatos
557 3916 593 3973 et
607 3916 731 3990 quarte
744 3908 882 3973 tertiam
898 3915 1032 3992 partem
1045 3907 1110 3971 sibi
1129 3908 1166 3971 in
1184 3908 1362 3990 proprium

314 4010 381 4076 ius,
406 4015 409 4022 '
433 4007 598 4091 Contigit*
612 4007 636 4072 h
648 4010 736 4092 'post
756 4028 924 4073 annorum
940 4005 1153 4073 'curriculum
1168 4014 1208 4071 ut
1223 4009 1362 4073 easdem

314 4110 595 4193 praenominatae
632 4129 766 4174 sorores
793 4109 871 4192 plus
901 4110 943 4173 de
971 4116 1117 4192 paterna
1150 4107 1363 4176 haereditate
1407 4148 1416 4160 ·

312 4211 541 4294 suscipientes
557 4211 777 4277 Bearnuuine
790 4211 933 4275 recessit
953 4210 989 4276 in
1004 4210 1235 4275 Domnoniam
1257 4217 1294 4274 et
1315 4211 1364 4276 ihi
