<?xml version="1.0" encoding="UTF-8"?>
<!DOCTYPE html PUBLIC "-//W3C//DTD XHTML 1.0 Transitional//EN"
    "http://www.w3.org/TR/xhtml1/DTD/xhtml1-transitional.dtd">
<html xmlns="http://www.w3.org/1999/xhtml" xml:lang="en" lang="en">
 <head>
  <title>
</title>
<meta http-equiv="Content-Type" content="text/html;charset=utf-8" />
  <meta name='ocr-system' content='tesseract 3.04.00' />
  <meta name='ocr-capabilities' content='ocr_page ocr_carea ocr_par ocr_line ocrx_word'/>
</head>
<body>
  <div class='ocr_page' id='page_1' title='image "./codexdiplomatic04kembgoog_0189.png"; bbox 0 0 3188 5032; ppageno 0'>
   <div class='ocr_carea' id='block_1_1' title="bbox 301 411 1095 476">
    <p class='ocr_par' dir='ltr' id='par_1_1' title="bbox 301 411 1095 476">
     <span class='ocr_line' id='line_1_1' title="bbox 301 411 1095 476; baseline -0.008 0"><span class='ocrx_word' id='word_1_1' title='bbox 301 411 346 476; x_wconf 81' lang='grc'>38</span> <span class='ocrx_word' id='word_1_2' title='bbox 557 423 730 474; x_wconf 78' lang='lat' dir='ltr'>CHARTAE</span> <span class='ocrx_word' id='word_1_3' title='bbox 753 422 1095 472; x_wconf 71' lang='lat' dir='ltr'>Anonosaxoulcnn.</span> 
     </span>
    </p>
   </div>
   <div class='ocr_carea' id='block_1_2' title="bbox 305 581 1363 1355">
    <p class='ocr_par' dir='ltr' id='par_1_2' title="bbox 305 581 1362 1170">
     <span class='ocr_line' id='line_1_2' title="bbox 305 581 1359 665; baseline 0 -17"><span class='ocrx_word' id='word_1_4' title='bbox 305 585 435 649; x_wconf 87' lang='lat' dir='ltr'>ditione</span> <span class='ocrx_word' id='word_1_5' title='bbox 453 588 494 646; x_wconf 90' lang='lat' dir='ltr'>ut</span> <span class='ocrx_word' id='word_1_6' title='bbox 522 588 603 665; x_wconf 93' lang='lat' dir='ltr'>post</span> <span class='ocrx_word' id='word_1_7' title='bbox 632 581 723 644; x_wconf 88' lang='lat' dir='ltr'>diem</span> <span class='ocrx_word' id='word_1_8' title='bbox 751 581 825 644; x_wconf 92' lang='lat' dir='ltr'>eius</span> <span class='ocrx_word' id='word_1_9' title='bbox 853 586 947 644; x_wconf 84' lang='lat' dir='ltr'>terra</span> <span class='ocrx_word' id='word_1_10' title='bbox 971 581 1040 645; x_wconf 91' lang='lat' dir='ltr'>ista</span> <span class='ocrx_word' id='word_1_11' title='bbox 1068 581 1142 646; x_wconf 89' lang='lat' dir='ltr'>sine</span> <span class='ocrx_word' id='word_1_12' title='bbox 1166 583 1359 648; x_wconf 87' lang='lat' dir='ltr'>contradic-</span> 
     </span>
     <span class='ocr_line' id='line_1_3' title="bbox 307 681 1360 767; baseline -0.001 -18"><span class='ocrx_word' id='word_1_13' title='bbox 307 687 402 750; x_wconf 81' lang='lat' dir='ltr'>tione</span> <span class='ocrx_word' id='word_1_14' title='bbox 422 682 567 746; x_wconf 86' lang='lat' dir='ltr'>alicuius</span> <span class='ocrx_word' id='word_1_15' title='bbox 580 683 624 746; x_wconf 94' lang='lat' dir='ltr'>ad</span> <span class='ocrx_word' id='word_1_16' title='bbox 640 682 922 764; x_wconf 87' lang='lat' dir='ltr'>Uuegernensom</span> <span class='ocrx_word' id='word_1_17' title='bbox 938 681 1117 746; x_wconf 89' lang='lat' dir='ltr'>ecclesiam</span> <span class='ocrx_word' id='word_1_18' title='bbox 1133 683 1170 746; x_wconf 92' lang='lat' dir='ltr'>in</span> <span class='ocrx_word' id='word_1_19' title='bbox 1191 685 1247 747; x_wconf 92' lang='lat' dir='ltr'>ius</span> <span class='ocrx_word' id='word_1_20' title='bbox 1270 685 1360 767; x_wconf 89' lang='lat' dir='ltr'>epis-</span> 
     </span>
     <span class='ocr_line' id='line_1_4' title="bbox 309 783 1361 868; baseline -0.003 -17"><span class='ocrx_word' id='word_1_21' title='bbox 309 783 439 868; x_wconf 91' lang='lat' dir='ltr'>copalis</span> <span class='ocrx_word' id='word_1_22' title='bbox 462 784 553 847; x_wconf 88' lang='lat' dir='ltr'>sedis</span> <span class='ocrx_word' id='word_1_23' title='bbox 575 785 621 848; x_wconf 90' lang='lat' dir='ltr'>sit</span> <span class='ocrx_word' id='word_1_24' title='bbox 640 783 781 860; x_wconf 90' lang='lat' dir='ltr'>donata,</span> <span class='ocrx_word' id='word_1_25' title='bbox 801 783 885 846; x_wconf 91' lang='lat' dir='ltr'>mihi</span> <span class='ocrx_word' id='word_1_26' title='bbox 912 791 947 848; x_wconf 88' lang='lat' dir='ltr'>et</span> <span class='ocrx_word' id='word_1_27' title='bbox 974 783 1025 847; x_wconf 90' lang='lat' dir='ltr'>illi</span> <span class='ocrx_word' id='word_1_28' title='bbox 1049 783 1257 867; x_wconf 87' lang='lat' dir='ltr'>Ostsoroque</span> <span class='ocrx_word' id='word_1_29' title='bbox 1285 803 1361 849; x_wconf 88' lang='lat' dir='ltr'>meo</span> 
     </span>
     <span class='ocr_line' id='line_1_5' title="bbox 310 883 1360 967; baseline 0 -17"><span class='ocrx_word' id='word_1_30' title='bbox 310 885 532 962; x_wconf 84' lang='lat' dir='ltr'>antecessori,</span> <span class='ocrx_word' id='word_1_31' title='bbox 557 885 593 948; x_wconf 93' lang='lat' dir='ltr'>in</span> <span class='ocrx_word' id='word_1_32' title='bbox 619 883 840 948; x_wconf 81' lang='lat' dir='ltr'>elemosinam</span> <span class='ocrx_word' id='word_1_33' title='bbox 865 884 1121 967; x_wconf 89' lang='lat' dir='ltr'>sempiternam.</span> <span class='ocrx_word' id='word_1_34' title='bbox 1175 885 1254 949; x_wconf 89' lang='lat' dir='ltr'>Pax</span> <span class='ocrx_word' id='word_1_35' title='bbox 1278 905 1360 950; x_wconf 92' lang='lat' dir='ltr'>con-</span> 
     </span>
     <span class='ocr_line' id='line_1_6' title="bbox 310 985 1362 1068; baseline -0.001 -18"><span class='ocrx_word' id='word_1_36' title='bbox 310 985 526 1050; x_wconf 86' lang='lat' dir='ltr'>firmantibus</span> <span class='ocrx_word' id='word_1_37' title='bbox 554 992 660 1068; x_wconf 88' lang='lat' dir='ltr'>atque</span> <span class='ocrx_word' id='word_1_38' title='bbox 683 985 923 1065; x_wconf 84' lang='lat' dir='ltr'>seruantibus;</span> <span class='ocrx_word' id='word_1_39' title='bbox 944 985 1178 1050; x_wconf 85' lang='lat' dir='ltr'>minuentibus</span> <span class='ocrx_word' id='word_1_40' title='bbox 1194 1005 1279 1051; x_wconf 88' lang='lat' dir='ltr'>nero</span> <span class='ocrx_word' id='word_1_41' title='bbox 1305 986 1362 1050; x_wconf 91' lang='lat' dir='ltr'>uel</span> 
     </span>
     <span class='ocr_line' id='line_1_7' title="bbox 312 1085 1238 1170; baseline -0.002 -18"><span class='ocrx_word' id='word_1_42' title='bbox 312 1085 626 1153; x_wconf 85' lang='lat' dir='ltr'>contradicentibus</span> <span class='ocrx_word' id='word_1_43' title='bbox 641 1086 809 1169; x_wconf 87' lang='lat' dir='ltr'>dispersio</span> <span class='ocrx_word' id='word_1_44' title='bbox 822 1086 1004 1168; x_wconf 86' lang='lat' dir='ltr'>perueniat</span> <span class='ocrx_word' id='word_1_45' title='bbox 1017 1087 1238 1170; x_wconf 85' lang='lat' dir='ltr'>sempiterna.</span> 
     </span>
    </p>

    <p class='ocr_par' dir='ltr' id='par_1_3' title="bbox 312 1185 1363 1355">
     <span class='ocr_line' id='line_1_8' title="bbox 360 1185 1363 1271; baseline -0.001 -19"><span class='ocrx_word' id='word_1_46' title='bbox 360 1186 557 1252; x_wconf 88' lang='lat' dir='ltr'>Aethelric.</span> <span class='ocrx_word' id='word_1_47' title='bbox 589 1185 865 1252; x_wconf 88' lang='lat' dir='ltr'>Aetheluueard.</span> <span class='ocrx_word' id='word_1_48' title='bbox 897 1185 1144 1254; x_wconf 85' lang='lat' dir='ltr'>Aethelberht.</span> <span class='ocrx_word' id='word_1_49' title='bbox 1179 1187 1363 1271; x_wconf 90' lang='lat' dir='ltr'>Omolincg</span> 
     </span>
     <span class='ocr_line' id='line_1_9' title="bbox 312 1287 1055 1355; baseline -0.004 0"><span class='ocrx_word' id='word_1_50' title='bbox 312 1290 439 1355; x_wconf 84' lang='lat' dir='ltr'>abbas.</span> <span class='ocrx_word' id='word_1_51' title='bbox 454 1287 502 1352; x_wconf 93' lang='lat' dir='ltr'>hii</span> <span class='ocrx_word' id='word_1_52' title='bbox 517 1295 598 1352; x_wconf 91' lang='lat' dir='ltr'>sunt</span> <span class='ocrx_word' id='word_1_53' title='bbox 612 1287 871 1353; x_wconf 87' lang='lat' dir='ltr'>confirmatores</span> <span class='ocrx_word' id='word_1_54' title='bbox 888 1294 923 1353; x_wconf 87' lang='lat' dir='ltr'>et</span> <span class='ocrx_word' id='word_1_55' title='bbox 936 1294 1055 1354; x_wconf 87' lang='lat' dir='ltr'>testes.</span> 
     </span>
    </p>
   </div>
   <div class='ocr_carea' id='block_1_3' title="bbox 458 1569 1226 1816">
    <p class='ocr_par' dir='ltr' id='par_1_4' title="bbox 458 1569 1226 1816">
     <span class='ocr_line' id='line_1_10' title="bbox 743 1569 942 1636; baseline -0.005 0"><span class='ocrx_word' id='word_1_56' title='bbox 743 1569 942 1636; x_wconf 88' lang='lat' dir='ltr'>XXXIV.</span> 
     </span>
     <span class='ocr_line' id='line_1_11' title="bbox 458 1735 1226 1816; baseline 0 -14"><span class='ocrx_word' id='word_1_57' title='bbox 458 1739 480 1783; x_wconf 80' lang='lat'><em>*</em></span> <span class='ocrx_word' id='word_1_58' title='bbox 504 1736 801 1802; x_wconf 87' lang='lat' dir='ltr'><strong>AETHILRED</strong></span> <span class='ocrx_word' id='word_1_59' title='bbox 827 1736 892 1802; x_wconf 93' lang='lat' dir='ltr'>OF</span> <span class='ocrx_word' id='word_1_60' title='bbox 916 1735 1126 1816; x_wconf 84' lang='lat' dir='ltr'>MERCIA,</span> <span class='ocrx_word' id='word_1_61' title='bbox 1148 1737 1226 1802; x_wconf 77' lang='lat'><strong>692.</strong></span> 
     </span>
    </p>
   </div>
   <div class='ocr_carea' id='block_1_4' title="bbox 317 1887 1381 4192">
    <p class='ocr_par' dir='ltr' id='par_1_5' title="bbox 317 1887 1381 4192">
     <span class='ocr_line' id='line_1_12' title="bbox 372 1887 1370 1970; baseline 0 -18"><span class='ocrx_word' id='word_1_62' title='bbox 372 1888 411 1970; x_wconf 74' lang='lat'>›1‹</span> <span class='ocrx_word' id='word_1_63' title='bbox 438 1887 617 1952; x_wconf 75' lang='lat' dir='ltr'>&#39;laurone</span> <span class='ocrx_word' id='word_1_64' title='bbox 652 1894 747 1953; x_wconf 87' lang='lat' dir='ltr'>certo</span> <span class='ocrx_word' id='word_1_65' title='bbox 780 1887 910 1952; x_wconf 90' lang='lat' dir='ltr'>cadunt</span> <span class='ocrx_word' id='word_1_66' title='bbox 944 1893 1081 1964; x_wconf 87' lang='lat' dir='ltr'>cuncta,</span> <span class='ocrx_word' id='word_1_67' title='bbox 1113 1906 1203 1970; x_wconf 86' lang='lat' dir='ltr'>quae</span> <span class='ocrx_word' id='word_1_68' title='bbox 1235 1888 1271 1952; x_wconf 95' lang='lat' dir='ltr'>in</span> <span class='ocrx_word' id='word_1_69' title='bbox 1304 1887 1370 1952; x_wconf 94' lang='lat' dir='ltr'>hoc</span> 
     </span>
     <span class='ocr_line' id='line_1_13' title="bbox 318 1988 1369 2072; baseline -0.001 -19"><span class='ocrx_word' id='word_1_70' title='bbox 318 1989 456 2054; x_wconf 88' lang='lat' dir='ltr'>saeculo</span> <span class='ocrx_word' id='word_1_71' title='bbox 482 1988 713 2072; x_wconf 88' lang='lat' dir='ltr'>possidentur,</span> <span class='ocrx_word' id='word_1_72' title='bbox 745 1995 781 2052; x_wconf 91' lang='lat' dir='ltr'>et</span> <span class='ocrx_word' id='word_1_73' title='bbox 810 1995 978 2071; x_wconf 89' lang='lat' dir='ltr'>perpetua</span> <span class='ocrx_word' id='word_1_74' title='bbox 1006 1988 1224 2070; x_wconf 88' lang='lat' dir='ltr'>possessione</span> <span class='ocrx_word' id='word_1_75' title='bbox 1252 2007 1369 2052; x_wconf 89' lang='lat' dir='ltr'>mane·</span> 
     </span>
     <span class='ocr_line' id='line_1_14' title="bbox 317 2087 1369 2174; baseline -0.003 -18"><span class='ocrx_word' id='word_1_76' title='bbox 317 2091 417 2167; x_wconf 91' lang='lat' dir='ltr'>bunt,</span> <span class='ocrx_word' id='word_1_77' title='bbox 457 2109 546 2174; x_wconf 88' lang='lat' dir='ltr'>qnae</span> <span class='ocrx_word' id='word_1_78' title='bbox 583 2096 726 2172; x_wconf 88' lang='lat' dir='ltr'>propter</span> <span class='ocrx_word' id='word_1_79' title='bbox 763 2087 939 2153; x_wconf 88' lang='lat' dir='ltr'>Christum</span> <span class='ocrx_word' id='word_1_80' title='bbox 974 2088 1120 2152; x_wconf 86' lang='lat' dir='ltr'>fideliter</span> <span class='ocrx_word' id='word_1_81' title='bbox 1158 2088 1369 2153; x_wconf 90' lang='lat' dir='ltr'>diuiduntur.</span> 
     </span>
     <span class='ocr_line' id='line_1_15' title="bbox 321 2188 1371 2274; baseline 0.001 -21"><span class='ocrx_word' id='word_1_82' title='bbox 321 2190 544 2274; x_wconf 83' lang='lat' dir='ltr'>Quapropter</span> <span class='ocrx_word' id='word_1_83' title='bbox 567 2209 632 2273; x_wconf 93' lang='lat' dir='ltr'>ego</span> <span class='ocrx_word' id='word_1_84' title='bbox 660 2188 861 2266; x_wconf 88' lang='lat' dir='ltr'>Aethelred,</span> <span class='ocrx_word' id='word_1_85' title='bbox 887 2209 951 2254; x_wconf 86' lang='lat' dir='ltr'>rex</span> <span class='ocrx_word' id='word_1_86' title='bbox 977 2189 1198 2267; x_wconf 88' lang='lat' dir='ltr'>Morciorum,</span> <span class='ocrx_word' id='word_1_87' title='bbox 1224 2196 1371 2273; x_wconf 85' lang='lat' dir='ltr'>rogante</span> 
     </span>
     <span class='ocr_line' id='line_1_16' title="bbox 321 2289 1373 2373; baseline 0.003 -20"><span class='ocrx_word' id='word_1_88' title='bbox 321 2310 376 2355; x_wconf 91' lang='lat' dir='ltr'>me</span> <span class='ocrx_word' id='word_1_89' title='bbox 412 2290 580 2368; x_wconf 89' lang='lat' dir='ltr'>Oslauuo,</span> <span class='ocrx_word' id='word_1_90' title='bbox 609 2291 669 2373; x_wconf 93' lang='lat' dir='ltr'>qui</span> <span class='ocrx_word' id='word_1_91' title='bbox 702 2291 888 2373; x_wconf 92' lang='lat' dir='ltr'>aliquando</span> <span class='ocrx_word' id='word_1_92' title='bbox 918 2289 984 2355; x_wconf 90' lang='lat' dir='ltr'>fuit</span> <span class='ocrx_word' id='word_1_93' title='bbox 1012 2291 1169 2354; x_wconf 88' lang='lat' dir='ltr'>minister</span> <span class='ocrx_word' id='word_1_94' title='bbox 1200 2311 1309 2369; x_wconf 88' lang='lat' dir='ltr'>meus,</span> <span class='ocrx_word' id='word_1_95' title='bbox 1337 2298 1373 2356; x_wconf 89' lang='lat' dir='ltr'>et</span> 
     </span>
     <span class='ocr_line' id='line_1_17' title="bbox 323 2391 1370 2475; baseline -0.001 -20"><span class='ocrx_word' id='word_1_96' title='bbox 323 2411 415 2457; x_wconf 89' lang='lat' dir='ltr'>nunc</span> <span class='ocrx_word' id='word_1_97' title='bbox 444 2398 562 2456; x_wconf 89' lang='lat' dir='ltr'>manet</span> <span class='ocrx_word' id='word_1_98' title='bbox 594 2391 631 2456; x_wconf 91' lang='lat' dir='ltr'>in</span> <span class='ocrx_word' id='word_1_99' title='bbox 662 2391 717 2456; x_wconf 94' lang='lat' dir='ltr'>dei</span> <span class='ocrx_word' id='word_1_100' title='bbox 753 2393 895 2456; x_wconf 86' lang='lat' dir='ltr'>seruitio</span> <span class='ocrx_word' id='word_1_101' title='bbox 922 2392 959 2455; x_wconf 92' lang='lat' dir='ltr'>in</span> <span class='ocrx_word' id='word_1_102' title='bbox 988 2392 1141 2468; x_wconf 90' lang='lat' dir='ltr'>ciuitate,</span> <span class='ocrx_word' id='word_1_103' title='bbox 1172 2412 1261 2475; x_wconf 91' lang='lat' dir='ltr'>quae</span> <span class='ocrx_word' id='word_1_104' title='bbox 1290 2411 1370 2457; x_wconf 92' lang='lat' dir='ltr'>nos-</span> 
     </span>
     <span class='ocr_line' id='line_1_18' title="bbox 322 2492 1374 2575; baseline -0.002 -18"><span class='ocrx_word' id='word_1_105' title='bbox 322 2495 441 2557; x_wconf 89' lang='lat' dir='ltr'>tratim</span> <span class='ocrx_word' id='word_1_106' title='bbox 470 2493 595 2556; x_wconf 90' lang='lat' dir='ltr'>dicitur</span> <span class='ocrx_word' id='word_1_107' title='bbox 624 2493 813 2575; x_wconf 89' lang='lat' dir='ltr'>Uuegerna</span> <span class='ocrx_word' id='word_1_108' title='bbox 841 2499 963 2569; x_wconf 87' lang='lat' dir='ltr'>cester,</span> <span class='ocrx_word' id='word_1_109' title='bbox 990 2499 1031 2556; x_wconf 90' lang='lat' dir='ltr'>ut</span> <span class='ocrx_word' id='word_1_110' title='bbox 1058 2492 1210 2574; x_wconf 86' lang='lat' dir='ltr'>aliquam</span> <span class='ocrx_word' id='word_1_111' title='bbox 1240 2501 1374 2575; x_wconf 89' lang='lat' dir='ltr'>partem</span> 
     </span>
     <span class='ocr_line' id='line_1_19' title="bbox 323 2593 1374 2675; baseline -0.001 -17"><span class='ocrx_word' id='word_1_112' title='bbox 323 2601 449 2673; x_wconf 89' lang='lat' dir='ltr'>terrae,</span> <span class='ocrx_word' id='word_1_113' title='bbox 477 2594 512 2657; x_wconf 97' lang='lat' dir='ltr'>id</span> <span class='ocrx_word' id='word_1_114' title='bbox 543 2600 609 2671; x_wconf 87' lang='lat' dir='ltr'>est,</span> <span class='ocrx_word' id='word_1_115' title='bbox 638 2610 678 2658; x_wconf 85' lang='lat' dir='ltr'>x.</span> <span class='ocrx_word' id='word_1_116' title='bbox 708 2595 922 2659; x_wconf 87' lang='lat' dir='ltr'>manentium</span> <span class='ocrx_word' id='word_1_117' title='bbox 952 2593 1004 2657; x_wconf 90' lang='lat' dir='ltr'>illi</span> <span class='ocrx_word' id='word_1_118' title='bbox 1036 2593 1273 2675; x_wconf 87' lang='lat' dir='ltr'>perdonarem.</span> <span class='ocrx_word' id='word_1_119' title='bbox 1327 2593 1374 2658; x_wconf 88' lang='lat' dir='ltr'>Et</span> 
     </span>
     <span class='ocr_line' id='line_1_20' title="bbox 324 2694 1374 2778; baseline 0.002 -20"><span class='ocrx_word' id='word_1_120' title='bbox 324 2713 390 2776; x_wconf 88' lang='lat' dir='ltr'>ego</span> <span class='ocrx_word' id='word_1_121' title='bbox 424 2695 571 2758; x_wconf 85' lang='lat' dir='ltr'>libenter</span> <span class='ocrx_word' id='word_1_122' title='bbox 603 2695 764 2778; x_wconf 91' lang='lat' dir='ltr'>petitioni</span> <span class='ocrx_word' id='word_1_123' title='bbox 793 2695 866 2758; x_wconf 89' lang='lat' dir='ltr'>eius</span> <span class='ocrx_word' id='word_1_124' title='bbox 899 2694 1137 2776; x_wconf 85' lang='lat' dir='ltr'>adquiescens,</span> <span class='ocrx_word' id='word_1_125' title='bbox 1166 2694 1374 2778; x_wconf 84' lang='lat' dir='ltr'>particulam</span> 
     </span>
     <span class='ocr_line' id='line_1_21' title="bbox 325 2795 1373 2880; baseline -0.001 -21"><span class='ocrx_word' id='word_1_126' title='bbox 325 2802 438 2860; x_wconf 82' lang='lat' dir='ltr'>terrae</span> <span class='ocrx_word' id='word_1_127' title='bbox 461 2795 566 2873; x_wconf 89' lang='lat' dir='ltr'>illius,</span> <span class='ocrx_word' id='word_1_128' title='bbox 586 2814 691 2879; x_wconf 92' lang='lat' dir='ltr'>quam</span> <span class='ocrx_word' id='word_1_129' title='bbox 709 2796 768 2860; x_wconf 91' lang='lat' dir='ltr'>ille</span> <span class='ocrx_word' id='word_1_130' title='bbox 791 2795 995 2880; x_wconf 87' lang='lat' dir='ltr'>postulauit,</span> <span class='ocrx_word' id='word_1_131' title='bbox 1013 2814 1092 2859; x_wconf 89' lang='lat' dir='ltr'>curn</span> <span class='ocrx_word' id='word_1_132' title='bbox 1110 2796 1239 2880; x_wconf 87' lang='lat' dir='ltr'>campis</span> <span class='ocrx_word' id='word_1_133' title='bbox 1259 2796 1373 2859; x_wconf 88' lang='lat' dir='ltr'>siluis·</span> 
     </span>
     <span class='ocr_line' id='line_1_22' title="bbox 326 2896 1375 2981; baseline 0.002 -22"><span class='ocrx_word' id='word_1_134' title='bbox 326 2915 406 2979; x_wconf 91' lang='lat' dir='ltr'>que,</span> <span class='ocrx_word' id='word_1_135' title='bbox 425 2901 461 2959; x_wconf 86' lang='lat' dir='ltr'>et</span> <span class='ocrx_word' id='word_1_136' title='bbox 487 2915 565 2959; x_wconf 89' lang='lat' dir='ltr'>cum</span> <span class='ocrx_word' id='word_1_137' title='bbox 589 2896 747 2960; x_wconf 93' lang='lat' dir='ltr'>omnibus</span> <span class='ocrx_word' id='word_1_138' title='bbox 771 2896 973 2961; x_wconf 89' lang='lat' dir='ltr'>necessariis</span> <span class='ocrx_word' id='word_1_139' title='bbox 996 2896 1040 2959; x_wconf 94' lang='lat' dir='ltr'>ad</span> <span class='ocrx_word' id='word_1_140' title='bbox 1069 2915 1146 2960; x_wconf 85' lang='lat' dir='ltr'>eam</span> <span class='ocrx_word' id='word_1_141' title='bbox 1171 2896 1375 2981; x_wconf 87' lang='lat' dir='ltr'>pertinenti-</span> 
     </span>
     <span class='ocr_line' id='line_1_23' title="bbox 325 2994 1376 3081; baseline -0.001 -19"><span class='ocrx_word' id='word_1_142' title='bbox 325 2997 403 3073; x_wconf 86' lang='lat' dir='ltr'>bus,</span> <span class='ocrx_word' id='word_1_143' title='bbox 432 2994 560 3061; x_wconf 89' lang='lat' dir='ltr'>denota</span> <span class='ocrx_word' id='word_1_144' title='bbox 584 3004 711 3074; x_wconf 89' lang='lat' dir='ltr'>mente,</span> <span class='ocrx_word' id='word_1_145' title='bbox 738 3004 881 3080; x_wconf 91' lang='lat' dir='ltr'>propter</span> <span class='ocrx_word' id='word_1_146' title='bbox 907 2996 1095 3074; x_wconf 87' lang='lat' dir='ltr'>Christum,</span> <span class='ocrx_word' id='word_1_147' title='bbox 1123 3004 1160 3061; x_wconf 93' lang='lat' dir='ltr'>et</span> <span class='ocrx_word' id='word_1_148' title='bbox 1184 3018 1249 3081; x_wconf 93' lang='lat' dir='ltr'>pro</span> <span class='ocrx_word' id='word_1_149' title='bbox 1278 2997 1376 3062; x_wconf 88' lang='lat' dir='ltr'>retri-</span> 
     </span>
     <span class='ocr_line' id='line_1_24' title="bbox 326 3098 1376 3181; baseline -0.001 -19"><span class='ocrx_word' id='word_1_150' title='bbox 326 3098 468 3162; x_wconf 90' lang='lat' dir='ltr'>butione</span> <span class='ocrx_word' id='word_1_151' title='bbox 490 3098 670 3162; x_wconf 86' lang='lat' dir='ltr'>ministerii</span> <span class='ocrx_word' id='word_1_152' title='bbox 690 3098 775 3176; x_wconf 76' lang='lat' dir='ltr'>ciue,</span> <span class='ocrx_word' id='word_1_153' title='bbox 797 3106 833 3162; x_wconf 88' lang='lat' dir='ltr'>et</span> <span class='ocrx_word' id='word_1_154' title='bbox 850 3098 1037 3176; x_wconf 79' lang='lat' dir='ltr'>laboribnS,</span> <span class='ocrx_word' id='word_1_155' title='bbox 1061 3117 1148 3181; x_wconf 91' lang='lat' dir='ltr'>quos</span> <span class='ocrx_word' id='word_1_156' title='bbox 1164 3117 1298 3163; x_wconf 91' lang='lat' dir='ltr'>mecum</span> <span class='ocrx_word' id='word_1_157' title='bbox 1316 3098 1376 3162; x_wconf 93' lang='lat' dir='ltr'>diu</span> 
     </span>
     <span class='ocr_line' id='line_1_25' title="bbox 327 3198 1378 3282; baseline 0.003 -21"><span class='ocrx_word' id='word_1_158' title='bbox 327 3199 566 3282; x_wconf 88' lang='lat' dir='ltr'>patienterque</span> <span class='ocrx_word' id='word_1_159' title='bbox 589 3198 762 3275; x_wconf 80' lang='lat' dir='ltr'>tolosauit,</span> <span class='ocrx_word' id='word_1_160' title='bbox 781 3200 855 3263; x_wconf 90' lang='lat' dir='ltr'>inre</span> <span class='ocrx_word' id='word_1_161' title='bbox 880 3198 1162 3280; x_wconf 89' lang='lat' dir='ltr'>Uueogornensis</span> <span class='ocrx_word' id='word_1_162' title='bbox 1190 3199 1378 3264; x_wconf 85' lang='lat' dir='ltr'>aecclesiae</span> 
     </span>
     <span class='ocr_line' id='line_1_26' title="bbox 328 3299 1377 3384; baseline 0.003 -22"><span class='ocrx_word' id='word_1_163' title='bbox 328 3299 584 3382; x_wconf 88' lang='lat' dir='ltr'>possidendum,</span> <span class='ocrx_word' id='word_1_164' title='bbox 605 3306 782 3378; x_wconf 86' lang='lat' dir='ltr'>ettamen,</span> <span class='ocrx_word' id='word_1_165' title='bbox 803 3320 840 3364; x_wconf 85' lang='lat' dir='ltr'>se</span> <span class='ocrx_word' id='word_1_166' title='bbox 853 3300 994 3364; x_wconf 87' lang='lat' dir='ltr'>uiuente</span> <span class='ocrx_word' id='word_1_167' title='bbox 1016 3299 1192 3365; x_wconf 88' lang='lat' dir='ltr'>ueletiam</span> <span class='ocrx_word' id='word_1_168' title='bbox 1209 3308 1290 3384; x_wconf 88' lang='lat' dir='ltr'>post</span> <span class='ocrx_word' id='word_1_169' title='bbox 1304 3301 1377 3365; x_wconf 93' lang='lat' dir='ltr'>obi·</span> 
     </span>
     <span class='ocr_line' id='line_1_27' title="bbox 328 3400 1377 3479; baseline 0.004 -16"><span class='ocrx_word' id='word_1_170' title='bbox 328 3407 403 3464; x_wconf 91' lang='lat' dir='ltr'>tum</span> <span class='ocrx_word' id='word_1_171' title='bbox 426 3401 512 3479; x_wconf 79' lang='lat' dir='ltr'>eiuS,</span> <span class='ocrx_word' id='word_1_172' title='bbox 542 3401 597 3464; x_wconf 94' lang='lat' dir='ltr'>cui</span> <span class='ocrx_word' id='word_1_173' title='bbox 620 3400 780 3478; x_wconf 89' lang='lat' dir='ltr'>noluerit,</span> <span class='ocrx_word' id='word_1_174' title='bbox 809 3401 1049 3465; x_wconf 88' lang='lat' dir='ltr'>dimittendum</span> <span class='ocrx_word' id='word_1_175' title='bbox 1078 3401 1224 3466; x_wconf 90' lang='lat' dir='ltr'>libenter</span> <span class='ocrx_word' id='word_1_176' title='bbox 1253 3421 1377 3466; x_wconf 91' lang='lat' dir='ltr'>conce-</span> 
     </span>
     <span class='ocr_line' id='line_1_28' title="bbox 329 3499 1378 3585; baseline 0.003 -21"><span class='ocrx_word' id='word_1_177' title='bbox 329 3500 441 3574; x_wconf 91' lang='lat' dir='ltr'>dendo</span> <span class='ocrx_word' id='word_1_178' title='bbox 456 3501 575 3566; x_wconf 90' lang='lat' dir='ltr'>trado:</span> <span class='ocrx_word' id='word_1_179' title='bbox 599 3499 665 3565; x_wconf 89' lang='lat' dir='ltr'>hac</span> <span class='ocrx_word' id='word_1_180' title='bbox 680 3502 784 3566; x_wconf 88' lang='lat' dir='ltr'>etiam</span> <span class='ocrx_word' id='word_1_181' title='bbox 804 3502 1011 3579; x_wconf 89' lang='lat' dir='ltr'>conditione,</span> <span class='ocrx_word' id='word_1_182' title='bbox 1031 3508 1071 3565; x_wconf 92' lang='lat' dir='ltr'>ut</span> <span class='ocrx_word' id='word_1_183' title='bbox 1087 3502 1271 3567; x_wconf 89' lang='lat' dir='ltr'>cathedrae</span> <span class='ocrx_word' id='word_1_184' title='bbox 1287 3503 1378 3585; x_wconf 85' lang='lat' dir='ltr'>epis·</span> 
     </span>
     <span class='ocr_line' id='line_1_29' title="bbox 329 3602 1379 3685; baseline 0.001 -20"><span class='ocrx_word' id='word_1_185' title='bbox 329 3602 460 3685; x_wconf 89' lang='lat' dir='ltr'>copalis</span> <span class='ocrx_word' id='word_1_186' title='bbox 494 3603 661 3685; x_wconf 90' lang='lat' dir='ltr'>potestati</span> <span class='ocrx_word' id='word_1_187' title='bbox 695 3621 871 3685; x_wconf 89' lang='lat' dir='ltr'>nunquam</span> <span class='ocrx_word' id='word_1_188' title='bbox 900 3602 1088 3680; x_wconf 87' lang='lat' dir='ltr'>auferatur,</span> <span class='ocrx_word' id='word_1_189' title='bbox 1117 3604 1154 3667; x_wconf 93' lang='lat' dir='ltr'>in</span> <span class='ocrx_word' id='word_1_190' title='bbox 1184 3604 1240 3668; x_wconf 91' lang='lat' dir='ltr'>dei</span> <span class='ocrx_word' id='word_1_191' title='bbox 1269 3604 1379 3668; x_wconf 92' lang='lat' dir='ltr'>omni-</span> 
     </span>
     <span class='ocr_line' id='line_1_30' title="bbox 330 3703 1380 3788; baseline 0.001 -22"><span class='ocrx_word' id='word_1_192' title='bbox 330 3703 482 3785; x_wconf 87' lang='lat' dir='ltr'>potentis</span> <span class='ocrx_word' id='word_1_193' title='bbox 496 3703 634 3767; x_wconf 91' lang='lat' dir='ltr'>nomine</span> <span class='ocrx_word' id='word_1_194' title='bbox 648 3704 834 3786; x_wconf 89' lang='lat' dir='ltr'>praecipio.</span> <span class='ocrx_word' id='word_1_195' title='bbox 901 3704 966 3768; x_wconf 86' lang='lat' dir='ltr'>Est</span> <span class='ocrx_word' id='word_1_196' title='bbox 981 3711 1096 3768; x_wconf 89' lang='lat' dir='ltr'>autem</span> <span class='ocrx_word' id='word_1_197' title='bbox 1112 3705 1259 3788; x_wconf 83' lang='lat' dir='ltr'>praefati</span> <span class='ocrx_word' id='word_1_198' title='bbox 1275 3704 1380 3787; x_wconf 90' lang='lat' dir='ltr'>agelli</span> 
     </span>
     <span class='ocr_line' id='line_1_31' title="bbox 330 3803 1379 3890; baseline 0.001 -23"><span class='ocrx_word' id='word_1_199' title='bbox 330 3803 501 3885; x_wconf 89' lang='lat' dir='ltr'>particula</span> <span class='ocrx_word' id='word_1_200' title='bbox 534 3805 634 3867; x_wconf 83' lang='lat' dir='ltr'>iuxta</span> <span class='ocrx_word' id='word_1_201' title='bbox 664 3803 819 3882; x_wconf 91' lang='lat' dir='ltr'>fluuium,</span> <span class='ocrx_word' id='word_1_202' title='bbox 848 3824 949 3889; x_wconf 90' lang='lat' dir='ltr'>quem</span> <span class='ocrx_word' id='word_1_203' title='bbox 975 3805 1095 3870; x_wconf 90' lang='lat' dir='ltr'>dicunt</span> <span class='ocrx_word' id='word_1_204' title='bbox 1117 3804 1319 3890; x_wconf 85' lang='lat' dir='ltr'>Saluuerpe,</span> <span class='ocrx_word' id='word_1_205' title='bbox 1341 3805 1379 3868; x_wconf 94' lang='lat' dir='ltr'>in</span> 
     </span>
     <span class='ocr_line' id='line_1_32' title="bbox 330 3904 1381 3987; baseline 0.003 -20"><span class='ocrx_word' id='word_1_206' title='bbox 330 3904 420 3982; x_wconf 89' lang='lat' dir='ltr'>nico,</span> <span class='ocrx_word' id='word_1_207' title='bbox 443 3925 545 3987; x_wconf 90' lang='lat' dir='ltr'>quem</span> <span class='ocrx_word' id='word_1_208' title='bbox 568 3905 675 3969; x_wconf 92' lang='lat' dir='ltr'>nobili</span> <span class='ocrx_word' id='word_1_209' title='bbox 697 3907 854 3971; x_wconf 90' lang='lat' dir='ltr'>uocitant</span> <span class='ocrx_word' id='word_1_210' title='bbox 874 3907 1012 3971; x_wconf 88' lang='lat' dir='ltr'>nominc</span> <span class='ocrx_word' id='word_1_211' title='bbox 1038 3906 1221 3972; x_wconf 91' lang='lat' dir='ltr'>Uuicbold.</span> <span class='ocrx_word' id='word_1_212' title='bbox 1273 3907 1320 3971; x_wconf 90' lang='lat' dir='ltr'>Et</span> <span class='ocrx_word' id='word_1_213' title='bbox 1341 3913 1381 3970; x_wconf 89' lang='lat' dir='ltr'>ut</span> 
     </span>
     <span class='ocr_line' id='line_1_33' title="bbox 331 4003 1381 4090; baseline 0.002 -23"><span class='ocrx_word' id='word_1_214' title='bbox 331 4003 518 4070; x_wconf 90' lang='lat' dir='ltr'>elemosina</span> <span class='ocrx_word' id='word_1_215' title='bbox 541 4025 630 4084; x_wconf 87' lang='lat' dir='ltr'>mea,</span> <span class='ocrx_word' id='word_1_216' title='bbox 659 4025 763 4090; x_wconf 89' lang='lat' dir='ltr'>quam</span> <span class='ocrx_word' id='word_1_217' title='bbox 782 4026 846 4090; x_wconf 94' lang='lat' dir='ltr'>pro</span> <span class='ocrx_word' id='word_1_218' title='bbox 870 4007 1105 4090; x_wconf 90' lang='lat' dir='ltr'>omnipotente</span> <span class='ocrx_word' id='word_1_219' title='bbox 1125 4007 1264 4072; x_wconf 92' lang='lat' dir='ltr'>domino</span> <span class='ocrx_word' id='word_1_220' title='bbox 1288 4006 1381 4071; x_wconf 90' lang='lat' dir='ltr'>fideli</span> 
     </span>
     <span class='ocr_line' id='line_1_34' title="bbox 330 4093 1381 4192; baseline 0.006 -25"><span class='ocrx_word' id='word_1_221' title='bbox 330 4106 441 4171; x_wconf 90' lang='lat' dir='ltr'>amico</span> <span class='ocrx_word' id='word_1_222' title='bbox 467 4127 543 4172; x_wconf 88' lang='lat' dir='ltr'>meo</span> <span class='ocrx_word' id='word_1_223' title='bbox 579 4126 643 4172; x_wconf 89' lang='lat' dir='ltr'>nec</span> <span class='ocrx_word' id='word_1_224' title='bbox 677 4093 747 4172; x_wconf 84' lang='lat' dir='ltr'>non</span> <span class='ocrx_word' id='word_1_225' title='bbox 777 4115 813 4172; x_wconf 87' lang='lat' dir='ltr'>et</span> <span class='ocrx_word' id='word_1_226' title='bbox 843 4102 989 4172; x_wconf 83' lang='lat' dir='ltr'>faustae¹</span> <span class='ocrx_word' id='word_1_227' title='bbox 1022 4109 1282 4192; x_wconf 85' lang='lat' dir='ltr'>congregationi</span> <span class='ocrx_word' id='word_1_228' title='bbox 1319 4109 1381 4173; x_wconf 92' lang='lat' dir='ltr'>do-</span> 
     </span>
    </p>
   </div>
   <div class='ocr_carea' id='block_1_5' title="bbox 768 4257 944 4311">
    <p class='ocr_par' dir='ltr' id='par_1_6' title="bbox 768 4257 944 4311">
     <span class='ocr_line' id='line_1_35' title="bbox 768 4257 944 4311; baseline 0.006 -1"><span class='ocrx_word' id='word_1_229' title='bbox 768 4257 774 4288; x_wconf 93' lang='lat'>¹</span> <span class='ocrx_word' id='word_1_230' title='bbox 795 4261 852 4310; x_wconf 89' lang='lat' dir='ltr'>MS.</span> <span class='ocrx_word' id='word_1_231' title='bbox 864 4261 944 4311; x_wconf 83' lang='lat' dir='ltr'>faula.</span> 
     </span>
    </p>
   </div>
   <div class='ocr_carea' id='block_1_6' title="bbox 0 0 1628 5032">
    <p class='ocr_par' dir='ltr' id='par_1_7' title="bbox 0 0 1628 5032">
     <span class='ocr_line' id='line_1_36' title="bbox 0 0 1628 5032; baseline 0 0"><span class='ocrx_word' id='word_1_232' title='bbox 0 0 1628 5032; x_wconf 95' lang='lat' dir='ltr'> </span> 
     </span>
    </p>
   </div>
  </div>
 </body>
</html>
