3188 5032
484 453 655 502 curares
677 453 1018 502 Anonosaxourcnn.
1229 439 1275 504 73

222 611 359 694 magnis
374 631 479 696 quam
501 613 537 675 in
559 612 702 690 modicis
723 611 837 688 rebus,
858 612 1009 695 pascuiS,
1031 611 1153 695 pratis,
1176 613 1276 678 siluis

224 713 452 795 diriuatisqne
473 731 641 794 aquarum
660 712 838 791 cursibns;
861 719 1014 794 excepto,
1030 714 1202 777 communi
1223 715 1275 778 la·

225 815 320 890 bore,
342 813 514 890 uidelicet,
541 811 771 896 expeditione,
795 811 911 894 pontis
934 813 1067 876 arcisue
1097 821 1274 879 construc-

227 914 331 977 tione.
383 913 421 976 Si
448 914 527 995 quis
556 920 671 976 autem
699 911 788 974 hanc
822 920 976 976 nostram
1005 912 1225 977 donationem
1254 933 1276 978 a

228 1014 326 1078 nobis
370 1012 532 1078 traditam
574 1013 761 1093 infringere
804 1013 1038 1094 temptauerit,
1078 1013 1275 1097 confringat

226 1112 311 1183 deus
326 1129 471 1194 reguum
496 1120 531 1177 et
543 1113 734 1196 potentiam
750 1111 824 1176 eius
846 1118 882 1176 ct
898 1111 955 1175 hic
977 1118 1013 1176 et
1035 1113 1073 1175 in
1092 1111 1220 1192 futuro,
1240 1122 1275 1179 et
1355 1173 1358 1179 Α

228 1220 336 1295 ponat
357 1221 491 1296 partem
516 1212 608 1276 illius
636 1231 714 1275 cum
737 1211 827 1275 Iuda
855 1211 985 1276 infideli
1010 1211 1187 1278 traditore.
1235 1213 1277 1278 si

227 1313 303 1395 quis
333 1313 503 1378 seruando
533 1332 659 1395 augere
687 1311 847 1389 uoluerit,
876 1319 1004 1394 augeat
1031 1312 1115 1376 deus
1141 1321 1275 1396 partem

229 1413 321 1476 illius
341 1433 419 1476 cum
442 1413 534 1478 fideli
552 1414 687 1479 latrone
703 1413 763 1494 qni
783 1412 907 1477 monuit
924 1411 1055 1489 audire,
1070 1412 1187 1476 Hodie
1205 1434 1278 1478 me-

225 1513 385 1580 cumeris
401 1514 437 1577 in
450 1513 623 1596 paradiso.
675 1509 768 1576 Acta
782 1519 864 1577 sunt
880 1512 966 1576 haec
980 1531 1072 1576 anno
1086 1513 1277 1581 dominicae

228 1613 474 1679 incarnationis
497 1631 620 1690 cccx„
634 1611 689 1675 his
704 1613 851 1676 testibus
871 1611 1177 1690 consentientibus,
1191 1633 1277 1696 quo-

225 1732 301 1777 rum
316 1714 457 1778 nomina
469 1713 560 1779 infra
574 1719 742 1777 caraxata
753 1712 925 1777 uidentur.

282 1814 321 1893 ›1‹
337 1813 414 1895 Ego
444 1813 631 1880 Ceolredus
653 1833 717 1876 rex
742 1813 951 1877 Marciorum
974 1812 1063 1876 hanc
1085 1813 1277 1896 praefatam

228 1913 450 1978 donatiouem
464 1916 529 1977 sub
543 1914 658 1996 sigillo
673 1921 813 1976 sanctae
828 1914 939 1977 crucis
950 1912 1089 1976 donaui.
1146 1915 1185 1994 ›1‹
1200 1915 1277 1996 Ego

229 2013 478 2077 Brihtuualdus
492 2014 770 2096 archiepiscopus
792 2014 828 2076 iu
851 2014 988 2077 nomine
1003 2020 1144 2077 sanctae
1167 2021 1203 2078 et
1224 2016 1277 2079 in-

228 2112 387 2178 diuiduae
403 2112 586 2190 Trinitatis
608 2114 840 2177 corroboraui.
897 2114 937 2193 »1⁴
954 2113 1031 2194 Ego
1045 2112 1165 2177 Cedda
1188 2117 1278 2198 episv

227 2231 334 2296 copus
348 2215 517 2278 consensi.
575 2215 614 2294 ›1‹
631 2213 708 2294 Ego
721 2210 818 2277 Acca
832 2213 1014 2297 episcopus
1028 2213 1198 2278 consensi.

694 2357 815 2376 -μ

678 2493 830 2560 LXIII.

564 2643 844 2723 FORDHARI,
865 2645 942 2716 712.

280 2813 356 2876 Eoo
367 2810 502 2890 Forter,
517 2811 667 2895 famulus
681 2811 887 2876 famulorum
896 2811 962 2888 dei,
972 2831 1034 2894 pro
1045 2805 1279 2896 redemptione

228 2914 364 2994 animae
373 2931 585 2976 meaeunnm
594 2919 769 2976 cassatum
778 2910 1054 2977 dediAldberhto
1064 2914 1180 2978 abbati
1190 2935 1279 2998 quae

228 3014 317 3078 scita
338 3020 392 3077 est
413 3014 513 3082 iuxta
539 3012 682 3076 fluuium
697 3010 822 3090 Aesce,
838 3012 881 3075 ad
903 3020 1041 3095 portum
1064 3033 1131 3096 qne
1154 3014 1279 3079 dicitnr

230 3113 469 3190 Bledenhithe,
485 3113 529 3176 ad
543 3113 691 3177 insulam
706 3131 850 3194 paruam
872 3119 908 3176 et
925 3113 968 3176 ad
992 3113 1172 3179 ecclesiam
1187 3115 1279 3180 beati

231 3213 376 3277 Martini
398 3213 615 3292 confessoris,
630 3214 667 3276 in
689 3213 864 3295 propriam
886 3214 1132 3291 substanciam,
1148 3214 1277 3280 haben·

230 3312 310 3376 dum
339 3312 605 3396 donandumque
635 3313 836 3394 cuicumque
866 3312 1024 3378 uoluerit.
1088 3313 1158 3392 Qui
1189 3315 1278 3380 hanc

229 3421 362 3483 cartam
388 3413 574 3495 infringere
604 3414 836 3496 temptauerit,
859 3413 947 3476 sciat
968 3415 1120 3495 seipsum
1143 3432 1164 3477 a
1185 3435 1278 3479 com·

231 3515 393 3577 munione
417 3521 616 3577 sanctorum
638 3519 836 3596 separatum
849 3519 885 3575 et
900 3514 944 3575 ab
959 3514 1186 3596 omnipotenti
1200 3514 1276 3580 deo.

285 3614 325 3693 »1⁴
353 3613 429 3696 Ego
460 3614 584 3678 Forter
610 3614 768 3677 consensi
798 3619 833 3675 et
860 3612 1058 3695 subscripsi.
1110 3612 1202 3678 Acta
1224 3623 1277 3680 est

209 3724 212 3727 ⁴
230 3720 347 3784 autem
360 3713 423 3778 hec
438 3714 581 3778 donatio
595 3733 688 3778 anno
703 3730 843 3778 occxn.
859 3709 1046 3776 indictione
1061 3713 1183 3798 prima.
