3188 5032
298 397 342 460 70
394 401 399 412 ¹
555 410 728 459 cernuas
750 407 1093 458 succosaxourcnn.

301 564 536 638 Aethllmund
604 570 644 649 ›1‹
670 568 746 651 Ego
784 567 978 634 Cuthlierht
1015 587 1142 633 comes.
1208 571 1249 651 ›1‹
1276 569 1355 651 Ego

302 668 521 736 Aethelbriht
535 686 661 732 comes.
711 671 752 750 ›1‹
766 667 843 749 Ego
858 668 1164 733 Eadbrihtcomes.
1222 672 1263 751 ›1‹
1279 669 1356 750 Ego

303 771 426 852 Eoppu
440 786 565 834 comes.
621 770 662 850 ›1‹
679 767 756 850 Ego
771 767 905 832 Turtuc
919 769 1029 834 miles.
1087 770 1127 849 »1⁴
1142 768 1219 850 Ego
1230 768 1356 834 Uunda

303 871 412 936 miles.
470 870 510 949 ›1‹
525 867 602 950 Ego
616 867 816 932 Uualdhere
830 868 940 934 miles.
1205 899 1209 906 ·

774 1163 881 1229 uxr.

616 1314 637 1357 *
662 1275 1047 1391 consensuros).

362 1463 454 1546 »xdie
473 1463 612 1529 nomine
625 1461 735 1545 patris
758 1467 794 1526 et
812 1461 875 1526 filii
890 1468 926 1528 et
939 1462 1082 1546 spiritus
1097 1463 1208 1528 sancti
1223 1461 1357 1528 Amen!

306 1563 482 1643 Quoniam
494 1562 706 1643 transeuntis
719 1561 858 1644 quidem
872 1563 992 1626 mundi
1011 1562 1213 1632 uicissitudo
1235 1563 1359 1628 cotidie

306 1685 369 1747 per
395 1664 607 1728 incrementa
637 1669 830 1745 temporum
858 1663 983 1727 crescit
1019 1670 1055 1728 et
1088 1662 1272 1728 crescendo
1299 1664 1359 1728 de-

307 1765 443 1840 crescit,
459 1771 494 1828 et
520 1760 718 1844 ampliando
732 1762 909 1839 minuitur,
924 1762 1157 1828 crescentibus
1172 1763 1360 1846 repentinis

308 1864 482 1928 uariorum
502 1863 701 1927 incursuum
715 1862 836 1939 ruinis
850 1863 929 1926 finis
944 1882 1020 1928 esse
1037 1863 1171 1928 cunctis
1193 1863 1231 1926 in
1254 1882 1359 1945 prox-

307 1964 376 2028 imo
393 1963 556 2039 cernitur,
571 1962 648 2026 ideo
664 1962 765 2026 uanis
788 1981 828 2026 ac
850 1963 1050 2028 transilibus
1072 1964 1175 2028 rebus
1195 1981 1361 2028 mansura

307 2063 467 2128 coelestis
480 2062 614 2146 patriae
628 2062 781 2144 praemia
795 2062 979 2127 mercanda
993 2070 1086 2129 sunt.
1139 2061 1361 2146 Quapropter

307 2183 373 2245 ego
398 2162 574 2228 Cemedus
597 2163 654 2228 dei
679 2162 770 2226 dono
797 2181 861 2226 rex
886 2162 1109 2240 Merciorum,
1131 2170 1167 2227 et
1189 2182 1254 2244 ego
1282 2162 1363 2232 Offa

305 2263 427 2328 diuina
440 2263 665 2347 permissione
678 2260 908 2326 Orientalium
919 2260 1115 2344 Anglorum
1138 2263 1361 2344 gubernator,

308 2383 372 2446 pro
396 2364 630 2445 redemptione
654 2364 845 2427 animarum
870 2369 1066 2427 nostrarum
1090 2381 1132 2426 ac
1159 2362 1360 2445 praedeces-

308 2482 426 2528 sorum
448 2471 656 2539 nostrorum,
673 2469 708 2526 et
730 2463 1012 2543 subsequentium
1035 2463 1161 2540 salute,
1179 2462 1360 2540 donamus,

277 2635 279 2641 A
310 2564 528 2628 concedimus
541 2562 577 2626 in
590 2562 668 2627 loco
682 2562 719 2624 in
735 2581 805 2644 quo
829 2563 929 2626 beata
943 2563 1044 2644 uirgo
1059 2562 1175 2629 Maria
1184 2630 1186 2636 ,
1195 2581 1234 2628 se
1256 2581 1361 2628 uene·

311 2664 411 2734 rabili
425 2663 501 2727 uiro
517 2661 699 2744 Ecguuino
719 2661 956 2727 manifestauit
974 2663 1011 2726 in
1034 2661 1197 2739 Homnae,
1212 2668 1248 2726 et
1260 2681 1360 2745 prae·

310 2764 403 2828 senti
417 2762 533 2828 libello
555 2761 810 2839 confirmamus
825 2762 870 2825 ad
893 2760 1055 2827 honorem
1081 2771 1117 2830 et
1131 2763 1360 2831 reuerentiam

312 2863 463 2928 eiusdem
484 2862 541 2926 dei
562 2861 750 2943 genitricis,
766 2878 882 2927 uxvu.
898 2882 1038 2928 mensas
1059 2882 1107 2926 ex
1129 2863 1264 2928 duabus
1281 2881 1361 2945 par-

312 2963 403 3026 tibus
431 2963 581 3026 fluminis
611 2960 703 3044 quod
729 2962 903 3028 uocitatur
929 2961 1074 3042 Auena3
1104 2970 1174 3028 tres
1201 2963 1361 3028 uidelicet

312 3082 401 3144 quae
423 3063 556 3126 suntin
572 3059 744 3142 Homme3
789 3063 827 3125 in
844 3062 1043 3128 Lenchuuic
1061 3111 1069 3127 .
1085 3079 1110 3127 1.
1147 3063 1185 3126 in
1201 3063 1236 3128 N
1237 3070 1362 3128 ortorm

313 3179 376 3226 vll.
436 3160 737 3227 inOlleham.1.
789 3160 827 3227 in
856 3162 1035 3227 Litletona
1059 3211 1067 3226 .
1092 3159 1185 3228 21111.¹
1236 3163 1277 3251 in·
1296 3161 1359 3226 Al-

311 3261 457 3326 dintona
474 3310 481 3326 .
498 3278 523 3328 1.
574 3262 612 3325 in
635 3261 829 3326 Baddeseia
843 3279 877 3327 ν.
891 3271 927 3328 et
950 3262 1149 3341 dimidiam;
1200 3261 1237 3326 in
1260 3263 1362 3328 Bret-

312 3361 449 3428 fertona
464 3411 471 3428 .
489 3379 558 3426 x11.
596 3360 631 3424 in
648 3359 860 3427 Huniburna
874 3380 914 3428 11.
932 3370 967 3428 et
981 3363 1156 3428 dimidiam
1170 3382 1179 3442 3
1224 3361 1261 3426 in
1272 3361 1361 3427 Wil-

311 3462 437 3528 lerseia
464 3478 560 3527 .vr1.
613 3461 650 3523 in
666 3460 873 3527 Uuicuuona
894 3479 950 3526 111.
1000 3464 1037 3527 in
1053 3460 1305 3544 Beniguurthia
1326 3468 1362 3528 et

314 3563 350 3627 in
366 3563 568 3628 Hamtona.
587 3576 641 3625 1x.
657 3560 703 3624 Et
719 3580 763 3627 ex
777 3582 873 3627 mera
886 3562 1094 3627 liberalitate
1115 3562 1205 3627 sicut
1218 3561 1362 3644 dignum

310 3668 418 3727 estet
440 3663 549 3745 regali
572 3660 819 3741 munificentia,
841 3661 1121 3747 praenominatas
1142 3679 1282 3726 mansas
1303 3662 1363 3727 ubi

313 3762 545 3828 manifestatio
569 3761 688 3825 habita
710 3760 815 3827 fuisse
834 3763 993 3840 refertur,
1016 3783 1094 3828 cum
1116 3761 1263 3827 caeteris
1283 3780 1364 3845 par·

312 3861 406 3931 tibus
446 3860 729 3944 praeassignatis,
766 3864 882 3944 regiae
921 3863 1074 3928 libertati
1105 3863 1286 3941 donamus,
1322 3880 1363 3928 ac

314 3962 542 4043 omnipotenti
569 3962 646 4037 deo,
673 3979 714 4024 ac
741 3963 851 4027 beatis
887 3963 1055 4046 apostolis
1083 3963 1157 4028 eius
1188 3961 1295 4027 Petro
1326 3969 1363 4052 et

316 4057 427 4124 Paulo
448 4062 485 4125 in
504 4069 709 4144 perpetuum
721 4062 848 4127 liberas
867 4063 1172 4128 commendamus:
1199 4063 1363 4145 quatinus

309 4158 445 4245 ibidem¹
468 4161 694 4244 congregatio
720 4164 962 4256 monachorum
989 4163 1176 4228 secundum
1208 4163 1362 4246 regulam
