3188 5032
299 383 343 448 58
553 398 726 452 cunnum
749 396 1093 448 ancnosnxoumnn.

234 585 236 589 ·
302 554 478 618 Adbertus
514 554 621 617 abbas
665 553 885 616 consentiens
927 551 1125 634 subscripsi.
1210 555 1248 634 »14
1279 552 1355 633 Ego

306 653 433 718 Haeha
449 653 555 716 abbas
568 652 785 716 consentiens
802 652 1001 735 subscripsi.
1060 654 1098 733 »14
1116 651 1193 732 Ego
1205 653 1356 718 Uuintra

304 754 411 817 abbas
434 753 652 816 consentiens
677 751 877 834 subscripsi.
936 752 1069 835 ›14Ego
1100 751 1220 816 Uuedr
1248 754 1355 816 abbas

305 853 523 917 consentiens
554 851 752 933 subscripsi.
815 853 854 932 »14
884 850 961 932 Ego
991 851 1214 915 Beornuuald
1248 853 1355 914 abbas

307 952 524 1018 consentiens
551 951 749 1033 subscripsi.
806 951 1112 1033 »14Ε30111111ς111
1143 952 1250 1017 abbas
1274 970 1356 1014 con-

308 1052 459 1118 sentiens
482 1051 680 1133 subscripsi.
739 1052 779 1131 »14
797 1049 873 1132 Ego
889 1051 1057 1115 Bealuulf
1073 1050 1182 1114 abhus
1212 1069 1356 1114 consen·

308 1152 398 1218 tiens
426 1151 625 1234 subscripsi.
690 1152 730 1231 »14
750 1150 828 1231 Ego
861 1150 976 1216 Froda
1005 1152 1111 1216 abbas
1139 1150 1356 1215 consentiens

308 1251 507 1333 subscripsi.
564 1251 603 1332 »14
619 1249 695 1332 Ego
723 1249 848 1314 Uuitta
885 1251 992 1315 abbas
1027 1250 1247 1316 consentiens
1276 1252 1356 1314 sub-

226 1381 230 1392 *
307 1351 442 1432 scripsi.
500 1352 538 1431 »14
553 1349 699 1431 Signum
721 1368 844 1413 manus
861 1350 1017 1414 Beoban.
1075 1348 1270 1431 ›psignum
1284 1369 1356 1414 ma·

309 1469 375 1514 nus
389 1448 576 1514 Eanberht.
621 1452 661 1532 »14
675 1449 820 1531 Signum
834 1469 956 1514 manus
973 1448 1180 1516 Coenberht.
1224 1451 1262 1530 »14
1280 1448 1356 1529 Sig-

308 1569 392 1616 num
425 1568 548 1613 manus
583 1547 690 1616 Coen.
747 1551 787 1630 »14
811 1548 957 1630 Signum
993 1568 1116 1614 manus
1146 1546 1357 1612 Aethilfridi.

314 1652 354 1731 »14
373 1648 517 1730 Signum
553 1667 675 1714 manus
714 1648 936 1716 Eascuualdi.
994 1652 1032 1731 »14
1051 1649 1198 1729 Signum
1235 1666 1358 1711 manus

309 1749 446 1814 Duduc.
495 1749 533 1831 »14
550 1747 695 1830 Signum
714 1768 837 1816 manus
852 1749 1014 1814 Ticcean.
1065 1750 1104 1831 »14
1121 1747 1267 1830 Signum
1286 1767 1358 1810 ma-

308 1868 373 1911 nus
389 1849 583 1915 Bealdhun.

801 2045 865 2109 LI.

722 2190 744 2234 ⁴*
769 2192 860 2270 INI,
883 2193 961 2257 704.

337 2340 429 2423 »14111
439 2340 577 2406 nomine
586 2341 715 2406 domini
724 2340 833 2421 nostri
844 2340 950 2405 Ihesu
962 2339 1106 2406 Christi!
1131 2342 1209 2424 Ego
1221 2341 1277 2413 Ini
1286 2361 1361 2419 rex,

310 2441 447 2506 decreto
462 2449 497 2506 et
513 2441 657 2505 consilio
672 2441 841 2524 praesulis
867 2441 977 2506 nostri
990 2439 1178 2520 Aldhelmi,
1192 2442 1361 2525 simulque

310 2549 512 2606 cunctorum
523 2542 579 2605 dei
592 2541 810 2606 sacerdotum
819 2542 1054 2622 suggestione,
1070 2549 1105 2606 et
1116 2541 1364 2606 monachorum-

310 2642 476 2724 petitione
499 2642 616 2723 quiin
639 2641 804 2722 parochia
820 2640 1129 2705 Uuest-Saxonum
1152 2661 1362 2706 conuersan-

310 2749 380 2821 tur,
395 2741 484 2807 hanc
498 2741 693 2805 libertatem
710 2740 900 2818 monachis
915 2741 974 2823 qui
998 2741 1035 2804 in
1054 2741 1222 2808 aecclesia
1240 2743 1361 2806 beatae

311 2841 367 2906 dei
390 2841 573 2922 genetricis
600 2839 746 2917 Mariae,
772 2847 807 2904 et
833 2841 925 2904 beati
955 2840 1111 2918 Patricii,
1134 2842 1362 2923 omnipotenti

310 2940 388 3018 deo,
398 2942 462 3003 sub
479 2941 604 3007 abbate
619 2939 814 3022 Hemgislo,
827 2940 1051 3018 famulantur,
1066 2941 1102 3006 in
1117 2941 1264 3024 pristina
1278 2943 1362 3006 urbe

313 3058 401 3122 quae
420 3040 545 3104 dicitur
564 3039 804 3122 Glastingaea,
827 3039 1000 3122 impendo,
1023 3047 1059 3104 et
1083 3039 1172 3104 hauc
1191 3041 1363 3123 priuilegii

313 3139 518 3222 dignitatem
527 3159 631 3223 super
641 3139 751 3204 altare
765 3159 875 3222 pono;
892 3146 931 3202 ut
941 3140 1015 3203 sine
1028 3139 1271 3222 impedimento
1287 3161 1362 3205 sae·

311 3239 480 3306 cularium
489 3260 614 3318 rerum,
626 3248 661 3305 et
670 3241 800 3321 absque
811 3240 941 3304 tributo
950 3238 1118 3303 fiscalium
1130 3240 1362 3321 negociorum,

313 3339 428 3404 liberis
444 3340 628 3416 mentibus,
644 3339 710 3405 soli
724 3338 788 3404 deo
803 3340 976 3418 seruient3
1005 3346 1040 3404 et
1053 3340 1280 3403 monasticam
1294 3340 1363 3404 dis-

313 3439 488 3521 ciplinam,
505 3438 644 3503 Christo
658 3437 860 3520 suffragium
881 3439 1063 3519 largiente,
1083 3438 1286 3520 regulariter
1302 3461 1363 3504 ex-

305 3545 473 3620 ¹erceant3
491 3546 525 3603 et
540 3558 602 3620 pro
618 3545 760 3602 statuet
772 3539 1000 3620 prosperitate
1014 3540 1113 3620 regni
1126 3540 1247 3616 nostri,
1264 3547 1299 3603 et
1312 3540 1363 3603 in·

314 3637 494 3720 dulgentia
528 3638 786 3702 commissorum
814 3638 1007 3716 criminum,
1034 3646 1116 3703 ante
1142 3647 1364 3722 conspectum

314 3735 452 3801 diuinae
477 3737 670 3802 maiestatis
695 3756 813 3821 preces
828 3736 971 3802 fundere
994 3738 1200 3819 dignentur:
1226 3746 1261 3804 et
1288 3759 1365 3806 ora·

315 3838 446 3901 tionum
469 3835 581 3901 officia
604 3837 862 3920 frequentantes
885 3839 922 3902 in
946 3838 1134 3916 aecclesiis,
1156 3859 1220 3920 pro
1245 3847 1366 3906 nostra

314 3936 504 4018 fragilitate
524 3937 743 4019 interpellare
766 3938 934 4002 nitantur.
986 3938 1024 4002 Si
1042 3939 1119 4022 quis
1138 3958 1221 4002 uero
1245 3948 1367 4004 contra

315 4036 417 4100 huius
440 4035 567 4100 decreti
590 4037 813 4120 singrapham
836 4039 954 4104 uenire
969 4039 1202 4121 temptauerit,
1218 4039 1307 4103 sciat
1329 4060 1365 4104 se

316 4155 432 4200 coram
448 4134 597 4213 Christo,
613 4157 805 4220 nouemque
820 4137 1021 4218 angelorum
1042 4139 1230 4215 ordinibus
1246 4139 1282 4202 in
1297 4148 1367 4205 tre-
