3172 5030
480 436 653 486 cnanrsr
677 437 1018 486 suonosnxonrcsu.
1228 425 1270 490 11

270 590 309 671 »14
334 595 411 679 Ego
425 593 638 662 Cdeuuualla
651 595 814 660 basilleos
824 595 1098 662 westsaxonum
1111 597 1271 680 propriae

217 716 341 762 manus
358 696 613 780 subscripsione
629 705 772 762 sanctae
786 698 897 762 crucis
912 697 1093 780 designaui
1113 697 1273 780 effigiem,

218 805 259 862 ut
275 817 376 862 nemo
396 799 455 881 qui
477 817 514 862 se
536 806 777 881 regeneratum
798 799 835 862 in
851 797 990 864 Christo
1012 801 1149 864 nouerit
1170 798 1272 863 huius

220 897 417 981 largicionis
450 899 579 964 donum
608 907 743 964 mutare
772 907 983 982 praesumat.
1052 892 1091 973 »14
1128 899 1272 982 Signum

220 1018 344 1064 manus
373 999 545 1066 Theodori
578 1000 838 1085 archiepiscopi.
907 994 946 1075 »14
976 1001 1121 1083 Signum
1150 1021 1272 1066 manus

221 1099 361 1166 Leuteri
382 1102 546 1185 episcopi.
599 1095 638 1176 »14
665 1103 810 1185 Signum
830 1121 953 1168 manus
976 1101 1102 1168 Hedde
1125 1103 1272 1167 abbatis.

223 1195 262 1276 »14
285 1202 430 1284 Signum
444 1222 568 1268 manus
582 1202 757 1270 Aldhelmi
772 1203 919 1270 abbatis.

270 1302 408 1386 Scripta
430 1310 484 1368 est
506 1304 592 1370 haec
617 1305 752 1370 cartula
773 1305 946 1389 priuilegii
969 1325 1061 1370 anno
1083 1303 1274 1370 incarnaci-

215 1404 297 1470 onis
312 1403 443 1469 Christi
458 1422 599 1470 Duhxx.

694 1619 807 1683 v111.

336 1769 358 1812 s
382 1745 594 1834 osuurur
619 1769 683 1835 os
707 1768 1160 1850 neumanensis.

274 1914 322 1995 »14»
339 1920 384 1983 Iu
399 1921 537 1986 nomine
551 1920 681 1985 domini
697 1920 779 1986 Iesu
795 1919 925 1985 Christi
941 1921 1147 1985 saluatoris!
1199 1921 1275 2002 Ego

222 2019 398 2086 Osuuinus
421 2042 484 2086 rex
500 2019 778 2100 Contrariorum,
794 2022 934 2106 aliquod
949 2021 1189 2086 munusculum
1211 2042 1275 2104 pro

222 2122 287 2188 deo
311 2122 446 2188 destino
469 2123 563 2201 dare,
591 2131 632 2187 ut
655 2125 702 2188 sit
720 2123 936 2205 refrigerium
962 2124 1098 2188 animae
1120 2142 1216 2187 meae
1237 2123 1275 2187 in

221 2233 426 2307 perpetuum
456 2231 491 2288 et
522 2225 645 2307 uigilet
670 2244 748 2289 mea
780 2225 945 2289 memoria
973 2244 1050 2288 cum
1080 2225 1210 2288 sanctis
1238 2225 1274 2287 in

224 2325 391 2404 sublime3
421 2344 513 2389 anno
542 2325 693 2389 secundo
721 2325 820 2408 regni
846 2326 927 2402 mei,
949 2325 1136 2390 indictione
1159 2330 1275 2388 autem

225 2426 340 2503 tertia,
369 2425 433 2488 sub
462 2424 517 2488 die
548 2442 598 2488 vr.
626 2423 766 2488 kalend.
799 2424 991 2502 Februarii,
1025 2444 1088 2507 pro
1125 2424 1275 2489 remedio

224 2526 360 2591 animae
376 2543 472 2589 meae
494 2532 529 2588 et
552 2524 767 2589 absolutione
790 2531 1009 2607 peccatorum
1031 2544 1196 2602 meorum,
1219 2544 1274 2589 ec-

224 2626 417 2691 clesiastico
454 2627 529 2690 iure
567 2625 718 2690 concedo
749 2625 922 2710 quandam
948 2633 1076 2690 terram
1105 2645 1195 2709 quae
1223 2625 1275 2690 di·

224 2727 314 2792 citur
336 2727 479 2803 stur-rie,
501 2727 537 2790 id
559 2733 614 2791 est
637 2726 754 2790 decem
774 2733 953 2792 manentes
975 2747 1020 2792 ex
1041 2746 1094 2805 ea,
1116 2746 1193 2791 cum
1215 2727 1275 2791 sil-

223 2829 278 2892 uis
305 2837 341 2894 et
367 2828 497 2911 campis
525 2847 566 2892 ac
595 2828 790 2911 paludibus,
814 2848 892 2892 cum
914 2827 1112 2892 fluminibus
1135 2847 1176 2892 ac
1197 2826 1274 2892 fon-

223 2930 328 3008 tibus,
351 2949 429 2994 cum
448 2929 557 3012 pratis
578 2947 619 2992 ac
641 2930 815 3012 pomeriis,
838 2937 972 2994 etcum
995 2930 1153 2994 omnibus
1175 2936 1275 2993 uten-

223 3031 356 3110 silibuS,
378 3031 416 3095 in
442 3031 520 3113 ipsa
541 3031 736 3115 quantitate
767 3032 857 3095 sicut
885 3031 1058 3114 principes
1084 3050 1107 3094 a
1137 3031 1275 3112 regibus

224 3133 417 3215 antiquitus
431 3131 660 3216 perdonatum
675 3132 914 3216 possederunt,
929 3132 1041 3196 almae
1056 3129 1198 3195 Aebbae
1213 3133 1273 3196 ab·

223 3233 376 3298 batissae
398 3241 503 3317 atque
518 3233 650 3297 carnali
661 3233 918 3316 propinquitate
933 3233 1124 3316 proximae,
1140 3232 1175 3295 in
1192 3232 1275 3297 deo·

224 3354 291 3416 que
305 3334 419 3412 matri,
442 3334 676 3399 monasteriali
699 3335 766 3398 iuri
789 3334 880 3398 dono
900 3341 1087 3418 perpetu03
1111 3333 1274 3417 quatinus

224 3433 351 3499 habeat
384 3435 627 3518 possideatque
655 3436 795 3518 proprio
823 3435 978 3513 arbitrio,
1007 3442 1042 3499 et
1075 3435 1275 3516 cuicumque

224 3534 373 3599 uoluerit
386 3537 508 3599 uiuens
520 3536 578 3599 uel
593 3537 742 3601 moriens
753 3536 880 3601 habeat
893 3537 1064 3618 integram
1075 3533 1275 3599 facultatem

225 3635 432 3714 condonare,
454 3643 589 3701 tantum
612 3637 649 3700 in
673 3636 823 3700 domino.
876 3635 976 3700 Istud
1000 3642 1115 3700 autem
1138 3635 1275 3699 territo-

225 3737 311 3800 rium
338 3756 361 3799 a
386 3757 441 3801 me
465 3737 568 3801 modo
591 3746 894 3803 commemoratum
917 3757 957 3802 ac
981 3756 1044 3819 pro
1068 3736 1134 3801 deo
1150 3735 1275 3818 pardo-

225 3844 358 3916 natum,
377 3838 413 3901 in
437 3839 638 3922 praesencia
656 3839 849 3922 principum
862 3857 1015 3902 meorum
1033 3838 1092 3920 qui
1110 3836 1154 3900 ad
1176 3857 1276 3920 prae-

224 3957 304 4003 sens
329 3938 448 4004 haberi
468 3947 627 4023 possunt,
651 3939 717 4005 hoc
740 3947 793 4004 est
808 3939 1074 4004 Cantuariorum
1094 3958 1180 4022 quos
1202 3940 1276 4003 iure

223 4059 265 4104 ac
279 4041 419 4124 propria
433 4048 554 4105 nostra
566 4048 740 4125 potestate
754 4041 986 4123 adipiscimur,
1000 4059 1064 4123 pro
1079 4040 1276 4106 testimonio

223 4142 494 4206 confirmationis
513 4141 558 4206 ad
578 4141 859 4206 subscribendum
875 4141 974 4206 acad
989 4142 1276 4206 consenciendum

224 4241 308 4306 mihi
329 4243 409 4308 huic
427 4244 606 4308 donationi
627 4243 779 4308 conduxi
791 4243 828 4306 in
843 4243 934 4306 hunc
950 4243 1062 4307 locum
1078 4243 1137 4326 qui
1152 4243 1277 4308 dicitur
