3188 5032
320 400 363 464 82
574 414 747 462 onnnrnu
770 409 1111 463 Anonos'nxomona.

772 633 922 699 LXIX.

630 797 972 877 AETHILBALD,
995 797 1072 862 718.

378 969 417 1048 »14
432 967 508 1030 Eoo
522 965 742 1044 Aethelbald,
763 967 882 1030 diuina
903 966 1126 1048 dispensante
1148 963 1263 1046 gratia
1280 965 1375 1029 Mer·

323 1069 475 1132 censium
501 1088 576 1145 rex,
602 1076 729 1132 terram
754 1086 817 1130 sex
840 1074 1067 1142 cassatorum,
1096 1065 1196 1127 iuxta
1219 1065 1374 1144 fluuium,

324 1171 380 1233 cui
394 1188 519 1232 nomen
539 1174 593 1232 est
615 1168 783 1245 Bladaen,
803 1187 911 1250 prope
934 1165 1145 1244 undumeni
1167 1167 1375 1230 uocabulum

323 1276 377 1333 est
391 1266 632 1350 Daeglesford,
655 1288 718 1350 pro
741 1267 977 1350 redemptione
1000 1266 1135 1330 animae
1150 1285 1260 1344 meae,
1273 1286 1375 1331 seruo

321 1369 389 1446 dei,
413 1389 515 1451 quem
537 1376 666 1432 nocant
681 1368 804 1450 Begia,
827 1369 863 1431 in
884 1367 1136 1450 possessionem
1157 1366 1243 1430 iuris
1265 1366 1374 1432 eccle·

322 1469 454 1532 siastici
466 1468 704 1552 libertatisque
717 1467 863 1548 tradidi;
888 1469 940 1531 ita
959 1468 1048 1532 utin
1065 1486 1108 1530 ea
1127 1468 1374 1531 monasterinm

323 1575 582 1632 construeretur
603 1576 638 1632 et
660 1588 837 1632 seruorum
860 1569 915 1633 dei
937 1567 1172 1632 habitaculum
1191 1567 1310 1648 fieret;
1333 1587 1375 1632 ea

324 1675 441 1732 tamen
474 1669 670 1732 conditione
692 1669 729 1732 in
751 1669 909 1732 omnibus
934 1670 1036 1733 rebus
1065 1667 1200 1730 donabo
1224 1666 1276 1730 illi
1300 1668 1374 1731 noti

325 1777 361 1833 et
388 1769 530 1851 ignotis
556 1769 648 1850 regis
676 1769 751 1833 siue
779 1769 956 1852 principis,
980 1769 1090 1832 libera
1113 1774 1314 1850 permaneat
1338 1768 1374 1831 in

325 1861 594 1951 sempiternum.¹
646 1868 684 1933 Si
698 1870 776 1951 quis
790 1877 905 1933 autem
921 1870 1010 1933 hano
1026 1868 1247 1932 donationem
1262 1887 1374 1931 meam

325 1968 456 2033 uiolare
493 1970 727 2050 temptauerit,
755 1970 843 2033 sciat
880 1989 918 2034 se
947 1969 983 2032 in
1014 1967 1192 2033 tremendo
1229 1968 1375 2032 extremi

323 2068 441 2133 iudicii
454 2069 510 2132 dei
523 2069 682 2132 examine
696 2069 865 2134 rationem
877 2070 941 2134 deo
956 2068 1180 2132 redditurum.

380 2170 419 2249 »14
438 2169 515 2250 Ego
542 2166 793 2233 Aethelbaldus
823 2189 887 2233 rex
915 2170 1092 2252 propriam
1127 2187 1240 2231 meam
1267 2168 1374 2232 dona·

324 2270 453 2333 tionem
483 2269 642 2333 consensi
678 2276 714 2333 et
746 2269 945 2353 subscripsi.
1001 2271 1040 2350 »14
1056 2268 1132 2350 Ego
1165 2265 1374 2332 Uuilfrithus

325 2370 506 2451 episcopus
529 2368 699 2433 consensi.
757 2373 796 2452 »14
812 2370 889 2452 Ego
912 2369 1089 2433 Eadberht
1103 2367 1273 2431 consensi.
1330 2370 1369 2449 »14

325 2469 401 2550 Ego
431 2467 606 2533 Aethelrio
643 2471 812 2532 consensi.
869 2471 908 2550 »14
926 2471 1003 2552 Ego
1028 2467 1175 2552 Cyneric
1203 2468 1373 2531 consensi.

330 2572 369 2651 »14
384 2569 460 2650 Ego
475 2565 640 2632 Aelfraed
655 2571 825 2633 consensi.
883 2572 922 2652 »14
938 2571 1015 2652 Ego
1035 2567 1182 2650 Sigebed
1205 2567 1374 2644 consensi.

329 2671 368 2751 »14
384 2669 460 2749 Ego
474 2667 606 2732 Osraed
619 2670 790 2734 consensi.

372 2766 467 2832 Acta
502 2775 556 2833 est
577 2777 693 2833 antem
715 2769 780 2833 heo
808 2768 964 2845 donatio,
997 2788 1090 2833 anno
1120 2764 1375 2833 Incarnationis

324 2866 455 2932 Christi
469 2884 648 2933 nccxvln.
665 2869 880 2934 Indictione.
897 2885 935 2932 x.

786 3189 914 3254 LXX.

598 3342 619 3383 *
632 3337 974 3418 AETHILBALD,
996 3339 1073 3404 719.

374 3483 413 3563 »14
437 3486 522 3551 CUM
550 3486 751 3570 plerumque
781 3488 981 3570 contingere
1013 3486 1135 3565 soleat,
1158 3507 1221 3570 pro
1242 3487 1374 3554 incerta

305 3583 516 3670 ‘temporum
537 3587 787 3664 uicissitudine,
802 3595 841 3651 ut
856 3607 909 3666 ea,
925 3605 1015 3670 quae
1037 3587 1224 3650 multarum
1241 3597 1277 3654 et
1290 3591 1374 3654 fide-

321 3687 406 3751 lium
426 3707 650 3770 personarum
673 3687 870 3751 testimonio
893 3687 1106 3769 consilioque
1123 3689 1285 3752 roborata
1300 3689 1373 3754 fue·

321 3796 415 3866 runt,
435 3809 497 3870 per
518 3787 770 3853 contumaciam
793 3788 1029 3870 plurimorum,
1046 3795 1082 3852 et
1096 3787 1374 3854 machinamenta

322 3889 551 3954 simulationis
577 3887 828 3966 fraudulentae,
851 3895 887 3952 et
909 3889 985 3952 sine
1006 3887 1079 3952 ulla
1100 3888 1375 3954 consideratione

323 3990 478 4067 rationis,
489 3990 526 4052 in
538 3989 731 4053 animarum
748 4007 887 4051 suarum
902 3987 1054 4072 periculo
1069 3988 1292 4070 dissipentur,
1307 3991 1374 4053 nisi

354 4128 517 4250 {Probtzblffi
533 4134 591 4183 “eu
612 4139 696 4184 tamen
715 4133 857 4183 conditione
876 4133 975 4183 donabo
991 4110 1039 4197 illi,
1049 4137 1079 4182 ut
1100 4134 1127 4181 in
1149 4133 1265 4183 omnibus
1289 4136 1374 4200 rebus,

321 4203 438 4264 n01s‚”e
465 4238 472 4252 .
975 4204 979 4214 “
