3188 5032
305 369 350 434 98
565 383 737 431 osannae
761 380 1102 430 nuonosaxouicau.

309 543 417 629 abbas
432 539 598 606 Cumma:
625 557 706 604 nam
728 558 773 604 ex
796 514 943 620 utrat'iue
965 544 1064 620 parte
1088 535 1183 600 fluuii
1201 536 1364 602 Tamisae

312 643 362 706 cis
384 642 473 705 citra
493 641 564 706 suis
593 639 868 705 antecessoribus
890 638 934 703 ad
956 637 1010 703 ius
1035 638 1236 703 monasterii
1264 657 1365 720 prae*

313 741 377 806 fati
404 740 574 823 quaedam
600 740 772 806 territoria
800 739 928 804 collata
954 738 1104 815 fuerant,
1131 738 1238 820 plaga
1264 757 1365 819 prae·

314 841 398 907 dicti
422 841 570 905 fluminis
593 840 809 917 occidentali,
831 839 914 903 datu
935 837 973 902 in
997 838 1053 901 dei
1079 838 1253 902 oblatione
1273 845 1368 902 terra

315 942 369 1006 bis
399 960 569 1007 saxonum
598 942 737 1023 regibus
763 938 884 1015 Cissa,
915 937 1140 1015 Caeduualla,
1163 938 1232 1018 lui,
1253 957 1366 1020 quan-

315 1042 418 1106 titate
429 1040 531 1105 buius
545 1041 677 1104 numeri
691 1056 768 1104 con.
784 1044 983 1103 cassatuum
999 1038 1208 1103 continetur.
1254 1038 1368 1121 Plaga

316 1161 400 1205 uero
430 1141 590 1206 orientali
612 1141 764 1206 Merciae
784 1153 982 1204 ocnxxuu.
1009 1137 1241 1223 potentissimi
1267 1157 1367 1221 reges

318 1241 363 1307 ad
394 1241 682 1305 sustentationem
716 1239 772 1304 dei
806 1258 983 1303 seruorum
1022 1237 1201 1322 suprafato
1229 1257 1369 1303 monas·

316 1341 405 1407 terio
419 1347 547 1405 terram
566 1341 632 1406 hac
654 1340 901 1423 supputatione
915 1340 1129 1404 manentium
1144 1356 1213 1402 xx.
1229 1339 1290 1421 qui
1308 1338 1370 1403 ad·

318 1442 400 1506 ditis
425 1441 603 1506 uocabulis
626 1441 867 1524 inspiciantur,
893 1439 1086 1517 Aethilred‚
1111 1438 1277 1516 Cuthred,
1301 1437 1369 1503 Go-

320 1541 436 1606 enred.
482 1541 630 1623 Insuper
651 1548 686 1605 et
705 1561 768 1604 rex
790 1539 1034 1605 Aethilbaldus
1056 1559 1155 1604 suam
1176 1539 1371 1621 specialiter

320 1641 529 1707 oblationem
553 1641 762 1705 monasterio
780 1640 890 1704 eidem
904 1641 1042 1718 obtulit,
1057 1641 1202 1722 locoque
1220 1641 1259 1703 in
1274 1639 1370 1704 Uua-

320 1740 619 1806 cenesseldxxvu.
628 1751 784 1808 cassatos
793 1740 900 1818 dedit,
913 1741 995 1804 alibi
1003 1760 1139 1823 quoque
1148 1740 1251 1804 iuxta
1260 1739 1372 1803 riuum

322 1841 465 1925 Geenge
482 1858 520 1906 x.
537 1842 706 1924 erogauit.
758 1840 997 1924 Praescriptas
1011 1860 1149 1924 quoque
1168 1841 1372 1924 praeterito·

321 1961 398 2006 rum
424 1961 544 2024 regum
568 1941 773 2027 donationes
799 1960 870 2006 una
895 1961 972 2027 cum
995 1943 1067 2005 suis
1093 1941 1310 2023 praesulibus
1337 1946 1374 2004 et

320 2042 533 2125 principibus
556 2041 617 2106 sed
641 2049 677 2106 et
701 2041 925 2125 optimatibus
943 2041 1164 2125 perhenniter
1187 2040 1242 2105 dei
1264 2038 1372 2104 cultui

228 2181 230 2186 ·
322 2141 511 2223 eodemque
533 2143 742 2206 monasterio
773 2141 930 2226 praefato
960 2141 1123 2218 firmauit,
1138 2160 1285 2224 quorum
1310 2160 1373 2204 no-

323 2242 417 2305 mina
433 2242 742 2324 subscriptionibus
757 2260 896 2306 annexa
911 2242 1143 2306 declarantur.

357 2339 602 2437 Aethilbaldus
615 2341 837 2430 Brittanniae
848 2340 1043 2426 Anglorum
1055 2340 1262 2427 monarchus
1273 2359 1375 2423 prae·

323 2442 489 2506 formatas
517 2442 789 2525 propinquorum
809 2441 869 2506 sod
890 2449 926 2505 et
946 2462 1065 2524 regum
1087 2441 1290 2506 donationes
1310 2440 1376 2504 hoc

325 2542 426 2623 signo
443 2544 481 2625 ›1‹
498 2541 659 2606 firmauit.
711 2541 788 2625 Ego
806 2541 942 2605 Daniel·
955 2543 1064 2625 plebis
1080 2541 1135 2605 dei
1148 2541 1298 2605 famulus
1317 2560 1375 2605 ca-

326 2643 452 2707 nonica
481 2642 733 2725 subscriptione
759 2660 867 2705 manu
888 2642 1029 2725 proprio
1045 2644 1085 2724 ›1‹
1102 2641 1248 2705 firmani.
1300 2641 1377 2723 Ego

328 2742 427 2808 Uuor
448 2743 629 2825 episcopus
649 2742 738 2806 banc
753 2742 975 2807 donationem
990 2744 1030 2824 ᾧ
1050 2742 1249 2824 subscripsi.
1300 2741 1377 2823 Ego

330 2842 497 2906 Fortbere
522 2843 702 2925 episcopus
730 2843 768 2906 in
790 2843 990 2925 Banesinga
1008 2843 1105 2919 uilla,
1125 2843 1264 2908 iubente
1285 2860 1378 2923 rege,

327 2942 439 3006 crucis
474 2943 611 3024 signum
636 2945 675 3025 ›1‹
699 2943 810 3008 infixi.
862 2942 939 3025 Ego
969 2942 1163 3007 Uualestod
1197 2942 1378 3023 episcopus

328 3042 467 3124 signum
495 3043 605 3107 crucis
630 3046 670 3126 ›1‹
694 3043 739 3107 ed
769 3041 1065 3108 confirmationem
1092 3042 1251 3125 imposui.
1303 3041 1379 3124 Ego

328 3140 577 3207 Aethilhardus
595 3163 659 3208 rex
679 3141 769 3207 hanc
788 3144 1002 3226 suprafatam
1021 3143 1243 3207 donationem
1258 3149 1379 3206 sancto

322 3242 397 3315 ,boc
418 3244 518 3326 signo
539 3246 579 3326 ›1‹
594 3263 757 3308 unacum
772 3243 955 3309 comitibus
970 3245 1089 3309 subter
1103 3243 1306 3309 nominatim
1321 3241 1381 3305 de·

331 3343 652 3425 seriptisroboraui,
666 3345 702 3408 in
715 3344 935 3428 expeditione
957 3346 1050 3410 ultra
1068 3343 1213 3409 fluuium
1234 3341 1382 3408 Sabrina

328 3442 497 3508 aduersus
512 3443 695 3508 Britonum
711 3450 861 3527 gentem.

791 3617 913 3630 --—-

747 3738 963 3804 LXXXII.

608 3885 909 3994 NOTHHELM,
932 3887 1117 3952 734—737.

389 4035 429 4115 ›1‹
447 4031 757 4100 Gnou1os1ssnuus
775 4035 1006 4101 Mercensium
1021 4055 1084 4100 rex
1099 4032 1299 4114 Aetbelred,
1309 4055 1388 4104 cum
1411 4047 1413 4052 “

335 4133 460 4206 comite
482 4154 557 4211 suo,
583 4135 767 4218 subregulo
798 4134 1048 4200 Huuicciorum
1073 4134 1219 4213 Oshero,
1244 4142 1388 4219 rogatus

336 4233 380 4295 ab
410 4252 462 4310 eo,
491 4241 618 4298 terram
646 4249 754 4300 .xx.
783 4243 996 4300 cassatorum
1023 4235 1124 4300 iuxta
1152 4236 1307 4315 fluuium,
1331 4235 1389 4300 cui
