<?xml version="1.0" encoding="UTF-8"?>
<!DOCTYPE html PUBLIC "-//W3C//DTD XHTML 1.0 Transitional//EN"
    "http://www.w3.org/TR/xhtml1/DTD/xhtml1-transitional.dtd">
<html xmlns="http://www.w3.org/1999/xhtml" xml:lang="en" lang="en">
 <head>
  <title>
</title>
<meta http-equiv="Content-Type" content="text/html;charset=utf-8" />
  <meta name='ocr-system' content='tesseract 3.04.00' />
  <meta name='ocr-capabilities' content='ocr_page ocr_carea ocr_par ocr_line ocrx_word'/>
</head>
<body>
  <div class='ocr_page' id='page_1' title='image "./codexdiplomatic04kembgoog_0279.png"; bbox 0 0 3188 5032; ppageno 0'>
   <div class='ocr_carea' id='block_1_1' title="bbox 348 425 1135 491">
    <p class='ocr_par' dir='ltr' id='par_1_1' title="bbox 348 425 1135 491">
     <span class='ocr_line' id='line_1_1' title="bbox 348 425 1135 491; baseline -0.001 -1"><span class='ocrx_word' id='word_1_1' title='bbox 348 425 417 491; x_wconf 76' lang='lat'><strong>128</strong></span> <span class='ocrx_word' id='word_1_2' title='bbox 598 442 771 489; x_wconf 70' lang='lat' dir='ltr'><strong>canaria</strong></span> <span class='ocrx_word' id='word_1_3' title='bbox 794 437 1135 490; x_wconf 74' lang='lat' dir='ltr'><strong>auctosaxomcau.</strong></span> 
     </span>
    </p>
   </div>
   <div class='ocr_carea' id='block_1_2' title="bbox 344 697 1408 3990">
    <p class='ocr_par' dir='ltr' id='par_1_2' title="bbox 637 697 1124 928">
     <span class='ocr_line' id='line_1_2' title="bbox 834 697 913 766; baseline 0 0"><span class='ocrx_word' id='word_1_4' title='bbox 834 697 913 766; x_wconf 90' lang='lat' dir='ltr'><strong>CV.</strong></span> 
     </span>
     <span class='ocr_line' id='line_1_3' title="bbox 637 841 1124 928; baseline -0.002 -12"><span class='ocrx_word' id='word_1_5' title='bbox 637 849 930 928; x_wconf 87' lang='lat' dir='ltr'>EANBERHT‚</span> <span class='ocrx_word' id='word_1_6' title='bbox 949 851 1032 915; x_wconf 88' lang='lat' dir='ltr'><strong>Feb.</strong></span> <span class='ocrx_word' id='word_1_7' title='bbox 1047 841 1124 915; x_wconf 79' lang='lat'><strong>759.</strong></span> 
     </span>
    </p>

    <p class='ocr_par' dir='ltr' id='par_1_3' title="bbox 344 999 1408 3686">
     <span class='ocr_line' id='line_1_4' title="bbox 404 999 1408 1085; baseline 0.001 -21"><span class='ocrx_word' id='word_1_8' title='bbox 404 1004 443 1085; x_wconf 74' lang='lat'><strong>›1‹</strong></span> <span class='ocrx_word' id='word_1_9' title='bbox 460 1001 506 1066; x_wconf 78' lang='grc' dir='ltr'><strong>ΙΝ</strong></span> <span class='ocrx_word' id='word_1_10' title='bbox 537 1001 674 1067; x_wconf 90' lang='lat' dir='ltr'><strong>nomine</strong></span> <span class='ocrx_word' id='word_1_11' title='bbox 707 1001 836 1064; x_wconf 91' lang='lat' dir='ltr'><strong>domini</strong></span> <span class='ocrx_word' id='word_1_12' title='bbox 874 1000 983 1064; x_wconf 84' lang='lat' dir='ltr'><strong>nostri</strong></span> <span class='ocrx_word' id='word_1_13' title='bbox 1020 999 1125 1064; x_wconf 88' lang='lat' dir='ltr'><strong>Ihesu</strong></span> <span class='ocrx_word' id='word_1_14' title='bbox 1157 999 1288 1065; x_wconf 85' lang='lat' dir='ltr'><strong>Christi</strong></span> <span class='ocrx_word' id='word_1_15' title='bbox 1329 1003 1408 1065; x_wconf 77' lang='lat' dir='ltr'><strong>sal-&#39;-</strong></span> 
     </span>
     <span class='ocr_line' id='line_1_5' title="bbox 348 1100 1407 1179; baseline -0.001 -14"><span class='ocrx_word' id='word_1_16' title='bbox 348 1103 498 1167; x_wconf 90' lang='lat' dir='ltr'><strong>uatoris!</strong></span> <span class='ocrx_word' id='word_1_17' title='bbox 559 1102 658 1166; x_wconf 90' lang='lat' dir='ltr'><strong>Nihil</strong></span> <span class='ocrx_word' id='word_1_18' title='bbox 685 1101 864 1174; x_wconf 83' lang='lat' dir='ltr'><strong>intulimus</strong></span> <span class='ocrx_word' id='word_1_19' title='bbox 891 1101 928 1163; x_wconf 94' lang='lat' dir='ltr'><strong>in</strong></span> <span class='ocrx_word' id='word_1_20' title='bbox 959 1100 1050 1164; x_wconf 92' lang='lat' dir='ltr'><strong>hunc</strong></span> <span class='ocrx_word' id='word_1_21' title='bbox 1077 1101 1253 1179; x_wconf 89' lang='lat' dir='ltr'><strong>mundum,</strong></span> <span class='ocrx_word' id='word_1_22' title='bbox 1279 1105 1407 1165; x_wconf 85' lang='lat' dir='ltr'><strong>uerum-</strong></span> 
     </span>
     <span class='ocr_line' id='line_1_6' title="bbox 348 1199 1406 1284; baseline -0.007 -13"><span class='ocrx_word' id='word_1_23' title='bbox 348 1222 411 1271; x_wconf 84' lang='lat' dir='ltr'><strong>nec</strong></span> <span class='ocrx_word' id='word_1_24' title='bbox 427 1201 561 1266; x_wconf 82' lang='lat' dir='ltr'><strong>auferre</strong></span> <span class='ocrx_word' id='word_1_25' title='bbox 576 1202 658 1284; x_wconf 92' lang='lat' dir='ltr'><strong>quid</strong></span> <span class='ocrx_word' id='word_1_26' title='bbox 674 1220 876 1283; x_wconf 88' lang='lat' dir='ltr'><strong>possumus;</strong></span> <span class='ocrx_word' id='word_1_27' title='bbox 898 1199 1027 1264; x_wconf 92' lang='lat' dir='ltr'><strong>idcirco</strong></span> <span class='ocrx_word' id='word_1_28' title='bbox 1042 1201 1187 1264; x_wconf 86' lang='lat' dir='ltr'><strong>terrenis</strong></span> <span class='ocrx_word' id='word_1_29' title='bbox 1203 1220 1244 1264; x_wconf 92' lang='lat' dir='ltr'><strong>ac</strong></span> <span class='ocrx_word' id='word_1_30' title='bbox 1259 1202 1406 1266; x_wconf 86' lang='lat' dir='ltr'><strong>caducis·</strong></span> 
     </span>
     <span class='ocr_line' id='line_1_7' title="bbox 347 1301 1398 1382; baseline 0 -16"><span class='ocrx_word' id='word_1_31' title='bbox 347 1309 489 1366; x_wconf 85' lang='lat' dir='ltr'><strong>aeterna</strong></span> <span class='ocrx_word' id='word_1_32' title='bbox 514 1310 559 1366; x_wconf 89' lang='lat' dir='ltr'><strong>et</strong></span> <span class='ocrx_word' id='word_1_33' title='bbox 575 1302 735 1366; x_wconf 88' lang='lat' dir='ltr'><strong>coelestis</strong></span> <span class='ocrx_word' id='word_1_34' title='bbox 757 1301 890 1382; x_wconf 83' lang='lat' dir='ltr'><strong>patriae</strong></span> <span class='ocrx_word' id='word_1_35' title='bbox 912 1301 1066 1382; x_wconf 87' lang='lat' dir='ltr'><strong>praemia</strong></span> <span class='ocrx_word' id='word_1_36' title='bbox 1090 1301 1274 1364; x_wconf 90' lang='lat' dir='ltr'><strong>mercanda</strong></span> <span class='ocrx_word' id='word_1_37' title='bbox 1304 1309 1398 1366; x_wconf 89' lang='lat' dir='ltr'><strong>sunt.</strong></span> 
     </span>
     <span class='ocr_line' id='line_1_8' title="bbox 348 1401 1406 1485; baseline 0 -20"><span class='ocrx_word' id='word_1_38' title='bbox 348 1401 584 1485; x_wconf 82' lang='lat' dir='ltr'><strong>Quapropter</strong></span> <span class='ocrx_word' id='word_1_39' title='bbox 599 1421 678 1465; x_wconf 90' lang='lat' dir='ltr'><strong>cum</strong></span> <span class='ocrx_word' id='word_1_40' title='bbox 691 1401 832 1464; x_wconf 89' lang='lat' dir='ltr'><strong>licentia</strong></span> <span class='ocrx_word' id='word_1_41' title='bbox 846 1408 881 1465; x_wconf 93' lang='lat' dir='ltr'><strong>et</strong></span> <span class='ocrx_word' id='word_1_42' title='bbox 895 1401 1120 1482; x_wconf 83' lang='lat' dir='ltr'><strong>permissione</strong></span> <span class='ocrx_word' id='word_1_43' title='bbox 1141 1401 1286 1482; x_wconf 90' lang='lat' dir='ltr'><strong>piissimi</strong></span> <span class='ocrx_word' id='word_1_44' title='bbox 1306 1403 1406 1484; x_wconf 62' lang='lat' dir='ltr'><strong>regis*</strong></span> 
     </span>
     <span class='ocr_line' id='line_1_9' title="bbox 349 1501 1399 1583; baseline 0.001 -18"><span class='ocrx_word' id='word_1_45' title='bbox 349 1503 465 1566; x_wconf 89' lang='lat' dir='ltr'><strong>Offani</strong></span> <span class='ocrx_word' id='word_1_46' title='bbox 479 1502 701 1578; x_wconf 82' lang='lat' dir='ltr'><strong>Marciorum,</strong></span> <span class='ocrx_word' id='word_1_47' title='bbox 715 1519 785 1564; x_wconf 84' lang='lat' dir='ltr'><strong>nos.</strong></span> <span class='ocrx_word' id='word_1_48' title='bbox 801 1508 871 1564; x_wconf 91' lang='lat' dir='ltr'><strong>tres</strong></span> <span class='ocrx_word' id='word_1_49' title='bbox 894 1501 1061 1582; x_wconf 84' lang='lat' dir='ltr'><strong>germani,</strong></span> <span class='ocrx_word' id='word_1_50' title='bbox 1084 1521 1154 1564; x_wconf 92' lang='lat' dir='ltr'><strong>uno</strong></span> <span class='ocrx_word' id='word_1_51' title='bbox 1179 1509 1278 1583; x_wconf 90' lang='lat' dir='ltr'><strong>patre</strong></span> <span class='ocrx_word' id='word_1_52' title='bbox 1303 1502 1399 1580; x_wconf 86' lang='lat' dir='ltr'><strong>editi,</strong></span> 
     </span>
     <span class='ocr_line' id='line_1_10' title="bbox 348 1599 1405 1684; baseline 0 -18"><span class='ocrx_word' id='word_1_53' title='bbox 348 1602 526 1666; x_wconf 86' lang='lat' dir='ltr'><strong>Eanherht</strong></span> <span class='ocrx_word' id='word_1_54' title='bbox 546 1610 650 1684; x_wconf 91' lang='lat' dir='ltr'><strong>atque</strong></span> <span class='ocrx_word' id='word_1_55' title='bbox 666 1599 801 1666; x_wconf 89' lang='lat' dir='ltr'><strong>Uhtred</strong></span> <span class='ocrx_word' id='word_1_56' title='bbox 817 1619 950 1664; x_wconf 86' lang='lat' dir='ltr'><strong>necnon</strong></span> <span class='ocrx_word' id='word_1_57' title='bbox 965 1609 1001 1665; x_wconf 90' lang='lat' dir='ltr'><strong>et</strong></span> <span class='ocrx_word' id='word_1_58' title='bbox 1021 1599 1164 1678; x_wconf 87' lang='lat' dir='ltr'><strong>Aldred‚</strong></span> <span class='ocrx_word' id='word_1_59' title='bbox 1188 1602 1321 1683; x_wconf 89' lang='lat' dir='ltr'><strong>praetio</strong></span> <span class='ocrx_word' id='word_1_60' title='bbox 1343 1623 1405 1666; x_wconf 84' lang='lat' dir='ltr'><strong>re-·</strong></span> 
     </span>
     <span class='ocr_line' id='line_1_11' title="bbox 347 1695 1398 1785; baseline 0.001 -19"><span class='ocrx_word' id='word_1_61' title='bbox 347 1701 554 1785; x_wconf 86' lang='lat' dir='ltr'><strong>demptionis</strong></span> <span class='ocrx_word' id='word_1_62' title='bbox 576 1703 711 1766; x_wconf 90' lang='lat' dir='ltr'><strong>animae</strong></span> <span class='ocrx_word' id='word_1_63' title='bbox 732 1708 883 1778; x_wconf 89' lang='lat' dir='ltr'><strong>nostrae,</strong></span> <span class='ocrx_word' id='word_1_64' title='bbox 906 1721 975 1764; x_wconf 92' lang='lat' dir='ltr'><strong>non</strong></span> <span class='ocrx_word' id='word_1_65' title='bbox 994 1701 1195 1782; x_wconf 85' lang='lat' dir='ltr'><strong>ignorantes</strong></span> <span class='ocrx_word' id='word_1_66' title='bbox 1220 1703 1257 1764; x_wconf 93' lang='lat' dir='ltr'><strong>in</strong></span> <span class='ocrx_word' id='word_1_67' title='bbox 1280 1695 1398 1767; x_wconf 82' lang='lat' dir='ltr'><strong>futuro</strong></span> 
     </span>
     <span class='ocr_line' id='line_1_12' title="bbox 347 1800 1398 1886; baseline 0.001 -21"><span class='ocrx_word' id='word_1_68' title='bbox 347 1802 510 1886; x_wconf 91' lang='lat' dir='ltr'><strong>prodesse</strong></span> <span class='ocrx_word' id='word_1_69' title='bbox 525 1803 555 1865; x_wconf 90' lang='lat' dir='ltr'><strong>si</strong></span> <span class='ocrx_word' id='word_1_70' title='bbox 570 1803 650 1884; x_wconf 91' lang='lat' dir='ltr'><strong>quid</strong></span> <span class='ocrx_word' id='word_1_71' title='bbox 666 1801 796 1865; x_wconf 86' lang='lat' dir='ltr'><strong>Christi</strong></span> <span class='ocrx_word' id='word_1_72' title='bbox 809 1802 971 1864; x_wconf 87' lang='lat' dir='ltr'><strong>membris</strong></span> <span class='ocrx_word' id='word_1_73' title='bbox 991 1800 1137 1864; x_wconf 88' lang='lat' dir='ltr'><strong>libenter</strong></span> <span class='ocrx_word' id='word_1_74' title='bbox 1155 1802 1398 1884; x_wconf 87' lang='lat' dir='ltr'><strong>impendimus,</strong></span> 
     </span>
     <span class='ocr_line' id='line_1_13' title="bbox 346 1901 1398 1982; baseline 0 -15"><span class='ocrx_word' id='word_1_75' title='bbox 346 1903 550 1977; x_wconf 81' lang='lat' dir='ltr'><strong>donabimus</strong></span> <span class='ocrx_word' id='word_1_76' title='bbox 577 1902 652 1979; x_wconf 88' lang='lat' dir='ltr'><strong>tibi,</strong></span> <span class='ocrx_word' id='word_1_77' title='bbox 679 1901 830 1965; x_wconf 89' lang='lat' dir='ltr'><strong>Headda</strong></span> <span class='ocrx_word' id='word_1_78' title='bbox 858 1903 977 1978; x_wconf 89' lang='lat' dir='ltr'><strong>abbas,</strong></span> <span class='ocrx_word' id='word_1_79' title='bbox 1007 1909 1135 1974; x_wconf 87' lang='lat' dir='ltr'><strong>terram</strong></span> <span class='ocrx_word' id='word_1_80' title='bbox 1162 1901 1249 1965; x_wconf 89' lang='lat' dir='ltr'><strong>iuris</strong></span> <span class='ocrx_word' id='word_1_81' title='bbox 1276 1904 1398 1982; x_wconf 89' lang='lat' dir='ltr'><strong>nostri,</strong></span> 
     </span>
     <span class='ocr_line' id='line_1_14' title="bbox 344 2001 1398 2079; baseline 0 -11"><span class='ocrx_word' id='word_1_82' title='bbox 344 2003 463 2068; x_wconf 88' lang='lat' dir='ltr'><strong>decem</strong></span> <span class='ocrx_word' id='word_1_83' title='bbox 479 2011 704 2079; x_wconf 87' lang='lat' dir='ltr'><strong>cassatorum,</strong></span> <span class='ocrx_word' id='word_1_84' title='bbox 728 2008 785 2065; x_wconf 91' lang='lat' dir='ltr'><strong>aet</strong></span> <span class='ocrx_word' id='word_1_85' title='bbox 808 2001 1051 2078; x_wconf 83' lang='lat' dir='ltr'><strong>Onnansorda.¹</strong></span> <span class='ocrx_word' id='word_1_86' title='bbox 1099 2001 1259 2066; x_wconf 89' lang='lat' dir='ltr'><strong>Confinia</strong></span> <span class='ocrx_word' id='word_1_87' title='bbox 1281 2009 1398 2068; x_wconf 90' lang='lat' dir='ltr'><strong>tamen</strong></span> 
     </span>
     <span class='ocr_line' id='line_1_15' title="bbox 346 2100 1397 2184; baseline 0.001 -17"><span class='ocrx_word' id='word_1_88' title='bbox 346 2103 498 2167; x_wconf 87' lang='lat' dir='ltr'><strong>eiusdem</strong></span> <span class='ocrx_word' id='word_1_89' title='bbox 514 2110 626 2172; x_wconf 88' lang='lat' dir='ltr'><strong>terrae</strong></span> <span class='ocrx_word' id='word_1_90' title='bbox 641 2104 685 2166; x_wconf 92' lang='lat' dir='ltr'><strong>ab</strong></span> <span class='ocrx_word' id='word_1_91' title='bbox 699 2100 844 2165; x_wconf 89' lang='lat' dir='ltr'><strong>australi</strong></span> <span class='ocrx_word' id='word_1_92' title='bbox 859 2102 965 2184; x_wconf 83' lang='lat' dir='ltr'><strong>plaga</strong></span> <span class='ocrx_word' id='word_1_93' title='bbox 974 2101 1155 2184; x_wconf 87' lang='lat' dir='ltr'><strong>Uuisleag,</strong></span> <span class='ocrx_word' id='word_1_94' title='bbox 1164 2103 1208 2166; x_wconf 94' lang='lat' dir='ltr'><strong>ab</strong></span> <span class='ocrx_word' id='word_1_95' title='bbox 1220 2103 1397 2168; x_wconf 89' lang='lat' dir='ltr'><strong>occidente</strong></span> 
     </span>
     <span class='ocr_line' id='line_1_16' title="bbox 348 2200 1401 2286; baseline 0.001 -18"><span class='ocrx_word' id='word_1_96' title='bbox 348 2200 1303 2286; x_wconf 81' lang='lat' dir='ltr'><strong>Rindburna,aseptemtrionaleMeosgeled,aboriente</strong></span> <span class='ocrx_word' id='word_1_97' title='bbox 1314 2221 1401 2269; x_wconf 64' lang='lat' dir='ltr'><strong>uero⁴</strong></span> 
     </span>
     <span class='ocr_line' id='line_1_17' title="bbox 346 2302 1399 2385; baseline 0.001 -18"><span class='ocrx_word' id='word_1_98' title='bbox 346 2303 586 2382; x_wconf 89' lang='lat' dir='ltr'><strong>Onnanduun‚</strong></span> <span class='ocrx_word' id='word_1_99' title='bbox 608 2323 685 2368; x_wconf 92' lang='lat' dir='ltr'><strong>cum</strong></span> <span class='ocrx_word' id='word_1_100' title='bbox 706 2303 849 2385; x_wconf 88' lang='lat' dir='ltr'><strong>campis,</strong></span> <span class='ocrx_word' id='word_1_101' title='bbox 869 2302 984 2379; x_wconf 80' lang='lat' dir='ltr'><strong>siluis,¹</strong></span> <span class='ocrx_word' id='word_1_102' title='bbox 997 2303 1117 2384; x_wconf 90' lang='lat' dir='ltr'><strong>pratis,</strong></span> <span class='ocrx_word' id='word_1_103' title='bbox 1142 2305 1291 2384; x_wconf 89' lang='lat' dir='ltr'><strong>pascuis,</strong></span> <span class='ocrx_word' id='word_1_104' title='bbox 1318 2324 1399 2368; x_wconf 56' lang='lat' dir='ltr'><strong>cum*</strong></span> 
     </span>
     <span class='ocr_line' id='line_1_18' title="bbox 345 2403 1397 2487; baseline 0.001 -19"><span class='ocrx_word' id='word_1_105' title='bbox 345 2405 504 2468; x_wconf 84' lang='lat' dir='ltr'><strong>omnihus</strong></span> <span class='ocrx_word' id='word_1_106' title='bbox 519 2404 563 2467; x_wconf 91' lang='lat' dir='ltr'><strong>ad</strong></span> <span class='ocrx_word' id='word_1_107' title='bbox 580 2423 618 2474; x_wconf 88' lang='lat' dir='ltr'><strong>se</strong></span> <span class='ocrx_word' id='word_1_108' title='bbox 627 2403 899 2487; x_wconf 85' lang='lat' dir='ltr'><strong>pertinentibus3</strong></span> <span class='ocrx_word' id='word_1_109' title='bbox 915 2410 967 2479; x_wconf 89' lang='lat' dir='ltr'><strong>ut,</strong></span> <span class='ocrx_word' id='word_1_110' title='bbox 978 2403 1140 2485; x_wconf 91' lang='lat' dir='ltr'><strong>quicquid</strong></span> <span class='ocrx_word' id='word_1_111' title='bbox 1153 2405 1279 2467; x_wconf 81' lang='lat' dir='ltr'><strong>exinde</strong></span> <span class='ocrx_word' id='word_1_112' title='bbox 1293 2424 1397 2486; x_wconf 88' lang='lat' dir='ltr'><strong>agere</strong></span> 
     </span>
     <span class='ocr_line' id='line_1_19' title="bbox 346 2503 1396 2580; baseline 0.003 -12"><span class='ocrx_word' id='word_1_113' title='bbox 346 2504 509 2580; x_wconf 66' lang='lat' dir='ltr'><strong>uolueris</strong></span> <span class='ocrx_word' id='word_1_114' title='bbox 524 2504 668 2568; x_wconf 90' lang='lat' dir='ltr'><strong>liberum</strong></span> <span class='ocrx_word' id='word_1_115' title='bbox 688 2503 816 2566; x_wconf 87' lang='lat' dir='ltr'><strong>habeas</strong></span> <span class='ocrx_word' id='word_1_116' title='bbox 829 2503 1009 2567; x_wconf 88' lang='lat' dir='ltr'><strong>arbitrium</strong></span> <span class='ocrx_word' id='word_1_117' title='bbox 1022 2503 1194 2568; x_wconf 89' lang='lat' dir='ltr'><strong>donandi:</strong></span> <span class='ocrx_word' id='word_1_118' title='bbox 1219 2504 1255 2567; x_wconf 94' lang='lat' dir='ltr'><strong>in</strong></span> <span class='ocrx_word' id='word_1_119' title='bbox 1270 2513 1332 2568; x_wconf 92' lang='lat' dir='ltr'><strong>tua</strong></span> <span class='ocrx_word' id='word_1_120' title='bbox 1351 2507 1396 2572; x_wconf 94' lang='lat' dir='ltr'><strong>sit</strong></span> 
     </span>
     <span class='ocr_line' id='line_1_20' title="bbox 346 2603 1399 2687; baseline 0.002 -19"><span class='ocrx_word' id='word_1_121' title='bbox 346 2611 519 2687; x_wconf 89' lang='lat' dir='ltr'><strong>potestate</strong></span> <span class='ocrx_word' id='word_1_122' title='bbox 533 2625 541 2684; x_wconf 91' lang='lat'><strong>;</strong></span> <span class='ocrx_word' id='word_1_123' title='bbox 556 2623 744 2687; x_wconf 89' lang='lat' dir='ltr'><strong>numquam</strong></span> <span class='ocrx_word' id='word_1_124' title='bbox 758 2623 822 2667; x_wconf 92' lang='lat' dir='ltr'><strong>nos</strong></span> <span class='ocrx_word' id='word_1_125' title='bbox 833 2603 1065 2685; x_wconf 89' lang='lat' dir='ltr'><strong>haeredesque</strong></span> <span class='ocrx_word' id='word_1_126' title='bbox 1080 2611 1217 2667; x_wconf 91' lang='lat' dir='ltr'><strong>nostros</strong></span> <span class='ocrx_word' id='word_1_127' title='bbox 1226 2605 1297 2668; x_wconf 92' lang='lat' dir='ltr'><strong>ullo</strong></span> <span class='ocrx_word' id='word_1_128' title='bbox 1309 2613 1399 2669; x_wconf 56' lang='lat' dir='ltr'><strong>tem*</strong></span> 
     </span>
     <span class='ocr_line' id='line_1_21' title="bbox 345 2704 1396 2788; baseline 0.003 -21"><span class='ocrx_word' id='word_1_129' title='bbox 345 2725 431 2788; x_wconf 91' lang='lat' dir='ltr'><strong>pore</strong></span> <span class='ocrx_word' id='word_1_130' title='bbox 444 2712 568 2768; x_wconf 89' lang='lat' dir='ltr'><strong>contra</strong></span> <span class='ocrx_word' id='word_1_131' title='bbox 586 2704 676 2768; x_wconf 91' lang='lat' dir='ltr'><strong>hanc</strong></span> <span class='ocrx_word' id='word_1_132' title='bbox 691 2704 912 2768; x_wconf 90' lang='lat' dir='ltr'><strong>donationem</strong></span> <span class='ocrx_word' id='word_1_133' title='bbox 927 2723 1002 2767; x_wconf 90' lang='lat' dir='ltr'><strong>esse</strong></span> <span class='ocrx_word' id='word_1_134' title='bbox 1016 2710 1193 2768; x_wconf 76' lang='lat' dir='ltr'><strong>uenturos,</strong></span> <span class='ocrx_word' id='word_1_135' title='bbox 1240 2704 1343 2782; x_wconf 86' lang='lat' dir='ltr'><strong>Quod</strong></span> <span class='ocrx_word' id='word_1_136' title='bbox 1365 2707 1396 2770; x_wconf 86' lang='lat' dir='ltr'><strong>si</strong></span> 
     </span>
     <span class='ocr_line' id='line_1_22' title="bbox 345 2801 1394 2888; baseline 0.001 -19"><span class='ocrx_word' id='word_1_137' title='bbox 345 2806 423 2888; x_wconf 93' lang='lat' dir='ltr'><strong>quis</strong></span> <span class='ocrx_word' id='word_1_138' title='bbox 443 2805 712 2888; x_wconf 87' lang='lat' dir='ltr'><strong>praesumpserit</strong></span> <span class='ocrx_word' id='word_1_139' title='bbox 729 2803 766 2867; x_wconf 95' lang='lat' dir='ltr'><strong>in</strong></span> <span class='ocrx_word' id='word_1_140' title='bbox 780 2823 907 2885; x_wconf 81' lang='lat' dir='ltr'><strong>magno</strong></span> <span class='ocrx_word' id='word_1_141' title='bbox 921 2803 978 2866; x_wconf 91' lang='lat' dir='ltr'><strong>uel</strong></span> <span class='ocrx_word' id='word_1_142' title='bbox 990 2805 1027 2867; x_wconf 90' lang='lat' dir='ltr'><strong>in</strong></span> <span class='ocrx_word' id='word_1_143' title='bbox 1042 2804 1175 2868; x_wconf 92' lang='lat' dir='ltr'><strong>modico</strong></span> <span class='ocrx_word' id='word_1_144' title='bbox 1187 2801 1394 2888; x_wconf 84' lang='lat' dir='ltr'><strong>inrumpere,</strong></span> 
     </span>
     <span class='ocr_line' id='line_1_23' title="bbox 346 2903 1395 2987; baseline 0.002 -18"><span class='ocrx_word' id='word_1_145' title='bbox 346 2906 394 2969; x_wconf 86' lang='lat' dir='ltr'><strong>sit</strong></span> <span class='ocrx_word' id='word_1_146' title='bbox 419 2912 599 2987; x_wconf 89' lang='lat' dir='ltr'><strong>separatus</strong></span> <span class='ocrx_word' id='word_1_147' title='bbox 628 2907 672 2970; x_wconf 91' lang='lat' dir='ltr'><strong>ab</strong></span> <span class='ocrx_word' id='word_1_148' title='bbox 698 2903 791 2968; x_wconf 91' lang='lat' dir='ltr'><strong>omni</strong></span> <span class='ocrx_word' id='word_1_149' title='bbox 819 2905 984 2968; x_wconf 88' lang='lat' dir='ltr'><strong>societate</strong></span> <span class='ocrx_word' id='word_1_150' title='bbox 1009 2903 1272 2968; x_wconf 90' lang='lat' dir='ltr'><strong>christianorum</strong></span> <span class='ocrx_word' id='word_1_151' title='bbox 1302 2915 1338 2971; x_wconf 88' lang='lat' dir='ltr'><strong>et</strong></span> <span class='ocrx_word' id='word_1_152' title='bbox 1357 2909 1395 2970; x_wconf 91' lang='lat' dir='ltr'><strong>in</strong></span> 
     </span>
     <span class='ocr_line' id='line_1_24' title="bbox 345 3003 1400 3087; baseline 0.001 -17"><span class='ocrx_word' id='word_1_153' title='bbox 345 3003 505 3070; x_wconf 86' lang='lat' dir='ltr'><strong>examine</strong></span> <span class='ocrx_word' id='word_1_154' title='bbox 527 3006 676 3070; x_wconf 91' lang='lat' dir='ltr'><strong>districti</strong></span> <span class='ocrx_word' id='word_1_155' title='bbox 688 3005 840 3087; x_wconf 91' lang='lat' dir='ltr'><strong>iustique</strong></span> <span class='ocrx_word' id='word_1_156' title='bbox 862 3004 984 3068; x_wconf 89' lang='lat' dir='ltr'><strong>iudicis</strong></span> <span class='ocrx_word' id='word_1_157' title='bbox 999 3005 1294 3087; x_wconf 81' lang='lat' dir='ltr'><strong>praesumptionis·</strong></span> <span class='ocrx_word' id='word_1_158' title='bbox 1311 3022 1400 3071; x_wconf 79' lang='lat' dir='ltr'><strong>suae</strong></span> 
     </span>
     <span class='ocr_line' id='line_1_25' title="bbox 346 3103 1397 3188; baseline 0.003 -19"><span class='ocrx_word' id='word_1_159' title='bbox 346 3107 492 3188; x_wconf 90' lang='lat' dir='ltr'><strong>poenam</strong></span> <span class='ocrx_word' id='word_1_160' title='bbox 505 3106 670 3171; x_wconf 88' lang='lat' dir='ltr'><strong>incurrat.</strong></span> <span class='ocrx_word' id='word_1_161' title='bbox 723 3103 780 3168; x_wconf 86' lang='lat' dir='ltr'><strong>Ad</strong></span> <span class='ocrx_word' id='word_1_162' title='bbox 795 3105 893 3168; x_wconf 89' lang='lat' dir='ltr'><strong>cuius</strong></span> <span class='ocrx_word' id='word_1_163' title='bbox 914 3105 1088 3169; x_wconf 92' lang='lat' dir='ltr'><strong>cumulum</strong></span> <span class='ocrx_word' id='word_1_164' title='bbox 1101 3104 1323 3170; x_wconf 92' lang='lat' dir='ltr'><strong>nihilominus</strong></span> <span class='ocrx_word' id='word_1_165' title='bbox 1338 3108 1397 3172; x_wconf 86' lang='lat' dir='ltr'><strong>fir-</strong></span> 
     </span>
     <span class='ocr_line' id='line_1_26' title="bbox 345 3206 1396 3288; baseline 0 -16"><span class='ocrx_word' id='word_1_166' title='bbox 345 3206 489 3283; x_wconf 69' lang='lat' dir='ltr'><strong>mitatis</strong></span> <span class='ocrx_word' id='word_1_167' title='bbox 512 3212 620 3271; x_wconf 90' lang='lat' dir='ltr'><strong>testes</strong></span> <span class='ocrx_word' id='word_1_168' title='bbox 655 3206 863 3288; x_wconf 89' lang='lat' dir='ltr'><strong>competenti</strong></span> <span class='ocrx_word' id='word_1_169' title='bbox 901 3225 1042 3268; x_wconf 90' lang='lat' dir='ltr'><strong>numero</strong></span> <span class='ocrx_word' id='word_1_170' title='bbox 1072 3212 1113 3268; x_wconf 93' lang='lat' dir='ltr'><strong>ut</strong></span> <span class='ocrx_word' id='word_1_171' title='bbox 1141 3207 1396 3273; x_wconf 88' lang='lat' dir='ltr'><strong>subscriberent</strong></span> 
     </span>
     <span class='ocr_line' id='line_1_27' title="bbox 346 3305 1394 3390; baseline 0.002 -20"><span class='ocrx_word' id='word_1_172' title='bbox 346 3307 558 3388; x_wconf 67' lang='lat' dir='ltr'><strong>negauimus</strong></span> <span class='ocrx_word' id='word_1_173' title='bbox 574 3313 609 3370; x_wconf 90' lang='lat' dir='ltr'><strong>et</strong></span> <span class='ocrx_word' id='word_1_174' title='bbox 628 3307 696 3390; x_wconf 91' lang='lat' dir='ltr'><strong>ipsi</strong></span> <span class='ocrx_word' id='word_1_175' title='bbox 716 3306 852 3387; x_wconf 84' lang='lat' dir='ltr'><strong>signum</strong></span> <span class='ocrx_word' id='word_1_176' title='bbox 867 3312 1009 3369; x_wconf 87' lang='lat' dir='ltr'><strong>sanctae</strong></span> <span class='ocrx_word' id='word_1_177' title='bbox 1022 3305 1133 3368; x_wconf 90' lang='lat' dir='ltr'><strong>crucis</strong></span> <span class='ocrx_word' id='word_1_178' title='bbox 1147 3306 1394 3388; x_wconf 83' lang='lat' dir='ltr'><strong>inpresserunt.</strong></span> 
     </span>
     <span class='ocr_line' id='line_1_28' title="bbox 349 3401 1395 3472; baseline 0.002 -2"><span class='ocrx_word' id='word_1_179' title='bbox 349 3407 499 3470; x_wconf 87' lang='lat' dir='ltr'><strong>Peracta</strong></span> <span class='ocrx_word' id='word_1_180' title='bbox 520 3414 573 3470; x_wconf 89' lang='lat' dir='ltr'><strong>cst</strong></span> <span class='ocrx_word' id='word_1_181' title='bbox 597 3415 713 3471; x_wconf 88' lang='lat' dir='ltr'><strong>autem</strong></span> <span class='ocrx_word' id='word_1_182' title='bbox 737 3407 821 3470; x_wconf 91' lang='lat' dir='ltr'><strong>haec</strong></span> <span class='ocrx_word' id='word_1_183' title='bbox 847 3401 987 3469; x_wconf 88' lang='lat' dir='ltr'><strong>donatio</strong></span> <span class='ocrx_word' id='word_1_184' title='bbox 1013 3405 1048 3470; x_wconf 89' lang='lat' dir='ltr'><strong>in</strong></span> <span class='ocrx_word' id='word_1_185' title='bbox 1073 3425 1190 3470; x_wconf 89' lang='lat' dir='ltr'><strong>mense</strong></span> <span class='ocrx_word' id='word_1_186' title='bbox 1217 3406 1395 3472; x_wconf 88' lang='lat' dir='ltr'><strong>Februarii</strong></span> 
     </span>
     <span class='ocr_line' id='line_1_29' title="bbox 346 3501 1393 3573; baseline 0 -1"><span class='ocrx_word' id='word_1_187' title='bbox 346 3501 543 3572; x_wconf 81' lang='lat' dir='ltr'><strong>indictione</strong></span> <span class='ocrx_word' id='word_1_188' title='bbox 573 3522 645 3571; x_wconf 74' lang='grc' dir='ltr'><strong>ΧΗ.</strong></span> <span class='ocrx_word' id='word_1_189' title='bbox 677 3527 768 3570; x_wconf 91' lang='lat' dir='ltr'><strong>anno</strong></span> <span class='ocrx_word' id='word_1_190' title='bbox 799 3526 883 3569; x_wconf 91' lang='lat' dir='ltr'><strong>uero</strong></span> <span class='ocrx_word' id='word_1_191' title='bbox 918 3506 962 3569; x_wconf 93' lang='lat' dir='ltr'><strong>ah</strong></span> <span class='ocrx_word' id='word_1_192' title='bbox 1000 3507 1236 3570; x_wconf 90' lang='lat' dir='ltr'><strong>incarnatione</strong></span> <span class='ocrx_word' id='word_1_193' title='bbox 1264 3507 1393 3573; x_wconf 87' lang='lat' dir='ltr'><strong>Christi</strong></span> 
     </span>
     <span class='ocr_line' id='line_1_30' title="bbox 347 3604 1394 3686; baseline 0 -16"><span class='ocrx_word' id='word_1_194' title='bbox 347 3607 546 3676; x_wconf 74' lang='lat' dir='ltr'><strong>noenum.</strong></span> <span class='ocrx_word' id='word_1_195' title='bbox 584 3607 630 3672; x_wconf 92' lang='lat' dir='ltr'><strong>Et</strong></span> <span class='ocrx_word' id='word_1_196' title='bbox 642 3608 702 3671; x_wconf 88' lang='lat' dir='ltr'><strong>isti</strong></span> <span class='ocrx_word' id='word_1_197' title='bbox 713 3613 825 3671; x_wconf 87' lang='lat' dir='ltr'><strong>testes</strong></span> <span class='ocrx_word' id='word_1_198' title='bbox 836 3614 1094 3686; x_wconf 79' lang='lat' dir='ltr'><strong>consenserunt.¹</strong></span> <span class='ocrx_word' id='word_1_199' title='bbox 1295 3681 1297 3684; x_wconf 17' lang='lat'>¹</span> <span class='ocrx_word' id='word_1_200' title='bbox 1390 3604 1394 3608; x_wconf 76' lang='grc'><strong><em>’</em></strong></span> 
     </span>
    </p>

    <p class='ocr_par' dir='ltr' id='par_1_4' title="bbox 348 3706 1395 3990">
     <span class='ocr_line' id='line_1_31' title="bbox 402 3706 1395 3788; baseline 0.002 -18"><span class='ocrx_word' id='word_1_201' title='bbox 402 3707 442 3788; x_wconf 69' lang='lat'><strong>›1‹</strong></span> <span class='ocrx_word' id='word_1_202' title='bbox 459 3706 535 3788; x_wconf 85' lang='lat' dir='ltr'><strong>Ego</strong></span> <span class='ocrx_word' id='word_1_203' title='bbox 546 3706 625 3771; x_wconf 79' lang='lat' dir='ltr'><strong>offa</strong></span> <span class='ocrx_word' id='word_1_204' title='bbox 640 3727 702 3770; x_wconf 88' lang='lat' dir='ltr'><strong>rex</strong></span> <span class='ocrx_word' id='word_1_205' title='bbox 719 3706 940 3784; x_wconf 83' lang='lat' dir='ltr'><strong>Marciorum,</strong></span> <span class='ocrx_word' id='word_1_206' title='bbox 954 3707 1034 3771; x_wconf 91' lang='lat' dir='ltr'><strong>huic</strong></span> <span class='ocrx_word' id='word_1_207' title='bbox 1044 3706 1223 3772; x_wconf 92' lang='lat' dir='ltr'><strong>donationi</strong></span> <span class='ocrx_word' id='word_1_208' title='bbox 1238 3711 1395 3774; x_wconf 90' lang='lat' dir='ltr'><strong>consensi</strong></span> 
     </span>
     <span class='ocr_line' id='line_1_32' title="bbox 348 3806 1394 3890; baseline 0.003 -19"><span class='ocrx_word' id='word_1_209' title='bbox 348 3815 382 3871; x_wconf 89' lang='lat' dir='ltr'><strong>et</strong></span> <span class='ocrx_word' id='word_1_210' title='bbox 413 3807 610 3889; x_wconf 90' lang='lat' dir='ltr'><strong>subscripsi.</strong></span> <span class='ocrx_word' id='word_1_211' title='bbox 682 3807 818 3890; x_wconf 67' lang='lat' dir='ltr'><strong>›14Ego</strong></span> <span class='ocrx_word' id='word_1_212' title='bbox 848 3806 1025 3871; x_wconf 89' lang='lat' dir='ltr'><strong>Eanherht</strong></span> <span class='ocrx_word' id='word_1_213' title='bbox 1051 3808 1190 3890; x_wconf 84' lang='lat' dir='ltr'><strong>regulus</strong></span> <span class='ocrx_word' id='word_1_214' title='bbox 1225 3812 1394 3875; x_wconf 90' lang='lat' dir='ltr'><strong>consensi.</strong></span> 
     </span>
     <span class='ocr_line' id='line_1_33' title="bbox 353 3907 982 3990; baseline 0.002 -19"><span class='ocrx_word' id='word_1_215' title='bbox 353 3908 393 3989; x_wconf 57' lang='grc' dir='ltr'>ᾖ</span> <span class='ocrx_word' id='word_1_216' title='bbox 415 3908 491 3990; x_wconf 82' lang='lat' dir='ltr'><strong>Ego</strong></span> <span class='ocrx_word' id='word_1_217' title='bbox 509 3907 643 3972; x_wconf 87' lang='lat' dir='ltr'><strong>Uhtred</strong></span> <span class='ocrx_word' id='word_1_218' title='bbox 657 3907 796 3989; x_wconf 83' lang='lat' dir='ltr'><strong>regulus</strong></span> <span class='ocrx_word' id='word_1_219' title='bbox 812 3907 982 3972; x_wconf 88' lang='lat' dir='ltr'><strong>consensi.</strong></span> 
     </span>
    </p>
   </div>
   <div class='ocr_carea' id='block_1_3' title="bbox 0 0 1598 5032">
    <p class='ocr_par' dir='ltr' id='par_1_5' title="bbox 0 0 1598 5032">
     <span class='ocr_line' id='line_1_34' title="bbox 0 0 1598 5032; baseline 0 1"><span class='ocrx_word' id='word_1_220' title='bbox 0 0 1598 5032; x_wconf 95' lang='lat' dir='ltr'><strong> </strong></span> 
     </span>
    </p>
   </div>
  </div>
 </body>
</html>
