<?xml version="1.0" encoding="UTF-8"?>
<!DOCTYPE html PUBLIC "-//W3C//DTD XHTML 1.0 Transitional//EN"
    "http://www.w3.org/TR/xhtml1/DTD/xhtml1-transitional.dtd">
<html xmlns="http://www.w3.org/1999/xhtml" xml:lang="en" lang="en">
 <head>
  <title>
</title>
<meta http-equiv="Content-Type" content="text/html;charset=utf-8" />
  <meta name='ocr-system' content='tesseract 3.04.00' />
  <meta name='ocr-capabilities' content='ocr_page ocr_carea ocr_par ocr_line ocrx_word'/>
</head>
<body>
  <div class='ocr_page' id='page_1' title='image "./codexdiplomatic04kembgoog_0234.png"; bbox 0 0 3188 5032; ppageno 0'>
   <div class='ocr_carea' id='block_1_1' title="bbox 482 437 1274 500">
    <p class='ocr_par' dir='ltr' id='par_1_1' title="bbox 482 437 1274 500">
     <span class='ocr_line' id='line_1_1' title="bbox 482 437 1274 500; baseline 0.01 -8"><span class='ocrx_word' id='word_1_1' title='bbox 482 445 655 493; x_wconf 65' lang='lat' dir='ltr'>curares</span> <span class='ocrx_word' id='word_1_2' title='bbox 678 445 1019 496; x_wconf 73' lang='lat' dir='ltr'>nucnosaxorucnu.</span> <span class='ocrx_word' id='word_1_3' title='bbox 1230 437 1274 500; x_wconf 79' lang='lat'>83</span> 
     </span>
    </p>
   </div>
   <div class='ocr_carea' id='block_1_2' title="bbox 213 601 1313 2487">
    <p class='ocr_par' dir='ltr' id='par_1_2' title="bbox 213 601 1313 2487">
     <span class='ocr_line' id='line_1_2' title="bbox 220 601 1273 690; baseline 0.007 -23"><span class='ocrx_word' id='word_1_4' title='bbox 220 601 427 667; x_wconf 88' lang='lat' dir='ltr'>auctoritate</span> <span class='ocrx_word' id='word_1_5' title='bbox 439 601 629 681; x_wconf 90' lang='lat' dir='ltr'>literarum,</span> <span class='ocrx_word' id='word_1_6' title='bbox 644 611 680 668; x_wconf 91' lang='lat' dir='ltr'>et</span> <span class='ocrx_word' id='word_1_7' title='bbox 696 605 892 669; x_wconf 87' lang='lat' dir='ltr'>testimonio</span> <span class='ocrx_word' id='word_1_8' title='bbox 914 606 1219 690; x_wconf 80' lang='lat' dir='ltr'><strong>chirographorum</strong></span> <span class='ocrx_word' id='word_1_9' title='bbox 1235 610 1273 679; x_wconf 89' lang='lat' dir='ltr'>in</span> 
     </span>
     <span class='ocr_line' id='line_1_3' title="bbox 219 703 1271 791; baseline 0.01 -27"><span class='ocrx_word' id='word_1_10' title='bbox 219 709 420 786; x_wconf 90' lang='lat' dir='ltr'>perpetuam</span> <span class='ocrx_word' id='word_1_11' title='bbox 435 704 633 767; x_wconf 83' lang='lat' dir='ltr'>memoriam</span> <span class='ocrx_word' id='word_1_12' title='bbox 647 703 776 769; x_wconf 87' lang='lat' dir='ltr'>fuerint</span> <span class='ocrx_word' id='word_1_13' title='bbox 790 705 1005 786; x_wconf 86' lang='lat' dir='ltr'>consignata.</span> <span class='ocrx_word' id='word_1_14' title='bbox 1050 707 1271 791; x_wconf 80' lang='lat' dir='ltr'>Quapropter</span> 
     </span>
     <span class='ocr_line' id='line_1_4' title="bbox 219 799 1270 888; baseline 0.006 -22"><span class='ocrx_word' id='word_1_15' title='bbox 219 822 285 884; x_wconf 86' lang='lat' dir='ltr'>ego</span> <span class='ocrx_word' id='word_1_16' title='bbox 299 799 542 866; x_wconf 86' lang='lat' dir='ltr'>Aetbilbaldus</span> <span class='ocrx_word' id='word_1_17' title='bbox 561 823 624 867; x_wconf 86' lang='lat' dir='ltr'>rex</span> <span class='ocrx_word' id='word_1_18' title='bbox 644 804 865 882; x_wconf 84' lang='lat' dir='ltr'>Marciorum,</span> <span class='ocrx_word' id='word_1_19' title='bbox 881 827 944 888; x_wconf 92' lang='lat' dir='ltr'>pro</span> <span class='ocrx_word' id='word_1_20' title='bbox 970 826 1086 871; x_wconf 90' lang='lat' dir='ltr'>amore</span> <span class='ocrx_word' id='word_1_21' title='bbox 1110 809 1270 874; x_wconf 90' lang='lat' dir='ltr'>coelestis</span> 
     </span>
     <span class='ocr_line' id='line_1_5' title="bbox 218 903 1269 986; baseline 0.009 -21"><span class='ocrx_word' id='word_1_22' title='bbox 218 903 363 986; x_wconf 80' lang='lat' dir='ltr'><strong>patriae,</strong></span> <span class='ocrx_word' id='word_1_23' title='bbox 385 910 420 966; x_wconf 88' lang='lat' dir='ltr'>et</span> <span class='ocrx_word' id='word_1_24' title='bbox 439 923 501 984; x_wconf 94' lang='lat' dir='ltr'>pro</span> <span class='ocrx_word' id='word_1_25' title='bbox 521 904 756 986; x_wconf 84' lang='lat' dir='ltr'>redemptione</span> <span class='ocrx_word' id='word_1_26' title='bbox 778 905 913 970; x_wconf 91' lang='lat' dir='ltr'>animae</span> <span class='ocrx_word' id='word_1_27' title='bbox 935 926 1043 983; x_wconf 90' lang='lat' dir='ltr'>meae,</span> <span class='ocrx_word' id='word_1_28' title='bbox 1061 908 1269 974; x_wconf 89' lang='lat' dir='ltr'>studendum</span> 
     </span>
     <span class='ocr_line' id='line_1_6' title="bbox 219 1002 1267 1088; baseline 0.007 -22"><span class='ocrx_word' id='word_1_29' title='bbox 219 1022 294 1066; x_wconf 89' lang='lat' dir='ltr'>esse</span> <span class='ocrx_word' id='word_1_30' title='bbox 315 1002 463 1084; x_wconf 92' lang='lat' dir='ltr'>prouidi,</span> <span class='ocrx_word' id='word_1_31' title='bbox 478 1011 518 1067; x_wconf 90' lang='lat' dir='ltr'>ut</span> <span class='ocrx_word' id='word_1_32' title='bbox 531 1023 606 1068; x_wconf 89' lang='lat' dir='ltr'>eam</span> <span class='ocrx_word' id='word_1_33' title='bbox 622 1023 683 1087; x_wconf 90' lang='lat' dir='ltr'>per</span> <span class='ocrx_word' id='word_1_34' title='bbox 702 1005 794 1068; x_wconf 90' lang='lat' dir='ltr'>bona</span> <span class='ocrx_word' id='word_1_35' title='bbox 814 1025 920 1088; x_wconf 88' lang='lat' dir='ltr'>opera</span> <span class='ocrx_word' id='word_1_36' title='bbox 939 1007 1080 1070; x_wconf 90' lang='lat' dir='ltr'>liberam</span> <span class='ocrx_word' id='word_1_37' title='bbox 1099 1006 1267 1074; x_wconf 88' lang='lat' dir='ltr'>efficerem</span> 
     </span>
     <span class='ocr_line' id='line_1_7' title="bbox 216 1103 1266 1174; baseline 0.006 -8"><span class='ocrx_word' id='word_1_38' title='bbox 216 1106 261 1168; x_wconf 90' lang='lat' dir='ltr'>ab</span> <span class='ocrx_word' id='word_1_39' title='bbox 276 1103 370 1165; x_wconf 92' lang='lat' dir='ltr'>omni</span> <span class='ocrx_word' id='word_1_40' title='bbox 392 1103 532 1167; x_wconf 90' lang='lat' dir='ltr'>uinculo</span> <span class='ocrx_word' id='word_1_41' title='bbox 550 1103 764 1168; x_wconf 85' lang='lat' dir='ltr'>delictorum.</span> <span class='ocrx_word' id='word_1_42' title='bbox 816 1106 911 1169; x_wconf 89' lang='lat' dir='ltr'>Dum</span> <span class='ocrx_word' id='word_1_43' title='bbox 932 1107 1022 1171; x_wconf 90' lang='lat' dir='ltr'>enim</span> <span class='ocrx_word' id='word_1_44' title='bbox 1047 1107 1130 1170; x_wconf 91' lang='lat' dir='ltr'>mibi</span> <span class='ocrx_word' id='word_1_45' title='bbox 1155 1109 1266 1174; x_wconf 91' lang='lat' dir='ltr'>omni-</span> 
     </span>
     <span class='ocr_line' id='line_1_8' title="bbox 217 1204 1266 1290; baseline 0.005 -23"><span class='ocrx_word' id='word_1_46' title='bbox 217 1209 353 1285; x_wconf 90' lang='lat' dir='ltr'>potens,</span> <span class='ocrx_word' id='word_1_47' title='bbox 370 1223 432 1284; x_wconf 87' lang='lat' dir='ltr'>per</span> <span class='ocrx_word' id='word_1_48' title='bbox 445 1204 713 1268; x_wconf 90' lang='lat' dir='ltr'>misericordiam</span> <span class='ocrx_word' id='word_1_49' title='bbox 727 1205 929 1270; x_wconf 90' lang='lat' dir='ltr'>clementiae</span> <span class='ocrx_word' id='word_1_50' title='bbox 951 1226 1035 1270; x_wconf 88' lang='lat' dir='ltr'>suae</span> <span class='ocrx_word' id='word_1_51' title='bbox 1049 1209 1179 1290; x_wconf 85' lang='lat' dir='ltr'>absque</span> <span class='ocrx_word' id='word_1_52' title='bbox 1194 1208 1266 1273; x_wconf 93' lang='lat' dir='ltr'>ullo</span> 
     </span>
     <span class='ocr_line' id='line_1_9' title="bbox 218 1302 1313 1388; baseline 0.004 -20"><span class='ocrx_word' id='word_1_53' title='bbox 218 1302 442 1368; x_wconf 82' lang='lat' dir='ltr'>antecedente</span> <span class='ocrx_word' id='word_1_54' title='bbox 469 1305 604 1382; x_wconf 87' lang='lat' dir='ltr'>merito,</span> <span class='ocrx_word' id='word_1_55' title='bbox 636 1311 773 1387; x_wconf 87' lang='lat' dir='ltr'>sceptra</span> <span class='ocrx_word' id='word_1_56' title='bbox 796 1306 894 1388; x_wconf 83' lang='lat' dir='ltr'>regni</span> <span class='ocrx_word' id='word_1_57' title='bbox 921 1307 1068 1388; x_wconf 82' lang='lat' dir='ltr'>largitus</span> <span class='ocrx_word' id='word_1_58' title='bbox 1099 1315 1165 1384; x_wconf 86' lang='lat' dir='ltr'>est,</span> <span class='ocrx_word' id='word_1_59' title='bbox 1188 1308 1266 1376; x_wconf 89' lang='lat' dir='ltr'>ideo</span> <span class='ocrx_word' id='word_1_60' title='bbox 1310 1315 1313 1322; x_wconf 91' lang='lat'>&#39;</span> 
     </span>
     <span class='ocr_line' id='line_1_10' title="bbox 216 1403 1267 1489; baseline 0.005 -22"><span class='ocrx_word' id='word_1_61' title='bbox 216 1403 372 1480; x_wconf 85' lang='lat' dir='ltr'>libenter,</span> <span class='ocrx_word' id='word_1_62' title='bbox 387 1421 432 1466; x_wconf 84' lang='lat' dir='ltr'>ex</span> <span class='ocrx_word' id='word_1_63' title='bbox 447 1423 500 1481; x_wconf 89' lang='lat' dir='ltr'>eo,</span> <span class='ocrx_word' id='word_1_64' title='bbox 515 1403 607 1485; x_wconf 91' lang='lat' dir='ltr'>quod</span> <span class='ocrx_word' id='word_1_65' title='bbox 622 1404 728 1482; x_wconf 90' lang='lat' dir='ltr'>dedit,</span> <span class='ocrx_word' id='word_1_66' title='bbox 741 1407 903 1470; x_wconf 86' lang='lat' dir='ltr'>retribuo.</span> <span class='ocrx_word' id='word_1_67' title='bbox 957 1406 1074 1470; x_wconf 90' lang='lat' dir='ltr'>Huius</span> <span class='ocrx_word' id='word_1_68' title='bbox 1088 1408 1139 1471; x_wconf 88' lang='lat' dir='ltr'>rei</span> <span class='ocrx_word' id='word_1_69' title='bbox 1153 1409 1267 1489; x_wconf 87' lang='lat' dir='ltr'>gratia</span> 
     </span>
     <span class='ocr_line' id='line_1_11' title="bbox 215 1502 1267 1585; baseline 0.004 -19"><span class='ocrx_word' id='word_1_70' title='bbox 215 1504 305 1568; x_wconf 90' lang='lat' dir='ltr'>hanc</span> <span class='ocrx_word' id='word_1_71' title='bbox 320 1502 540 1568; x_wconf 85' lang='lat' dir='ltr'>donationem</span> <span class='ocrx_word' id='word_1_72' title='bbox 562 1523 673 1568; x_wconf 90' lang='lat' dir='ltr'>meam</span> <span class='ocrx_word' id='word_1_73' title='bbox 688 1524 743 1568; x_wconf 89' lang='lat' dir='ltr'>me</span> <span class='ocrx_word' id='word_1_74' title='bbox 757 1506 896 1570; x_wconf 89' lang='lat' dir='ltr'>uiuente</span> <span class='ocrx_word' id='word_1_75' title='bbox 918 1507 1081 1585; x_wconf 89' lang='lat' dir='ltr'>concedo,</span> <span class='ocrx_word' id='word_1_76' title='bbox 1096 1515 1137 1570; x_wconf 90' lang='lat' dir='ltr'>ut</span> <span class='ocrx_word' id='word_1_77' title='bbox 1150 1509 1267 1571; x_wconf 90' lang='lat' dir='ltr'>omnia</span> 
     </span>
     <span class='ocr_line' id='line_1_12' title="bbox 216 1604 1265 1689; baseline 0.002 -21"><span class='ocrx_word' id='word_1_78' title='bbox 216 1604 426 1669; x_wconf 89' lang='lat' dir='ltr'>monasteria</span> <span class='ocrx_word' id='word_1_79' title='bbox 439 1611 474 1668; x_wconf 92' lang='lat' dir='ltr'>et</span> <span class='ocrx_word' id='word_1_80' title='bbox 490 1604 676 1669; x_wconf 86' lang='lat' dir='ltr'>aecclesiae</span> <span class='ocrx_word' id='word_1_81' title='bbox 693 1607 791 1687; x_wconf 82' lang='lat' dir='ltr'>regni</span> <span class='ocrx_word' id='word_1_82' title='bbox 810 1607 878 1670; x_wconf 91' lang='lat' dir='ltr'>mei</span> <span class='ocrx_word' id='word_1_83' title='bbox 899 1626 921 1670; x_wconf 90' lang='lat' dir='ltr'>a</span> <span class='ocrx_word' id='word_1_84' title='bbox 943 1606 1089 1688; x_wconf 87' lang='lat' dir='ltr'>publicis</span> <span class='ocrx_word' id='word_1_85' title='bbox 1111 1607 1265 1689; x_wconf 84' lang='lat' dir='ltr'>uectiga-</span> 
     </span>
     <span class='ocr_line' id='line_1_13' title="bbox 216 1705 1264 1786; baseline 0.002 -18"><span class='ocrx_word' id='word_1_86' title='bbox 216 1705 317 1781; x_wconf 91' lang='lat' dir='ltr'>libus,</span> <span class='ocrx_word' id='word_1_87' title='bbox 346 1705 507 1786; x_wconf 89' lang='lat' dir='ltr'>operibus</span> <span class='ocrx_word' id='word_1_88' title='bbox 536 1711 572 1768; x_wconf 91' lang='lat' dir='ltr'>et</span> <span class='ocrx_word' id='word_1_89' title='bbox 602 1706 764 1769; x_wconf 89' lang='lat' dir='ltr'>oneribus</span> <span class='ocrx_word' id='word_1_90' title='bbox 789 1705 1026 1783; x_wconf 89' lang='lat' dir='ltr'>absoluantur,</span> <span class='ocrx_word' id='word_1_91' title='bbox 1054 1706 1121 1770; x_wconf 91' lang='lat' dir='ltr'>nisi</span> <span class='ocrx_word' id='word_1_92' title='bbox 1146 1706 1183 1770; x_wconf 91' lang='lat' dir='ltr'>in</span> <span class='ocrx_word' id='word_1_93' title='bbox 1211 1708 1264 1770; x_wconf 90' lang='lat' dir='ltr'>in-</span> 
     </span>
     <span class='ocr_line' id='line_1_14' title="bbox 215 1803 1265 1888; baseline 0.004 -20"><span class='ocrx_word' id='word_1_94' title='bbox 215 1803 406 1869; x_wconf 84' lang='lat' dir='ltr'>structione</span> <span class='ocrx_word' id='word_1_95' title='bbox 446 1805 575 1869; x_wconf 88' lang='lat' dir='ltr'>arcium</span> <span class='ocrx_word' id='word_1_96' title='bbox 599 1805 656 1868; x_wconf 89' lang='lat' dir='ltr'>uel</span> <span class='ocrx_word' id='word_1_97' title='bbox 681 1807 850 1888; x_wconf 90' lang='lat' dir='ltr'>pontium,</span> <span class='ocrx_word' id='word_1_98' title='bbox 873 1826 962 1888; x_wconf 92' lang='lat' dir='ltr'>quae</span> <span class='ocrx_word' id='word_1_99' title='bbox 996 1824 1173 1888; x_wconf 89' lang='lat' dir='ltr'>nunquam</span> <span class='ocrx_word' id='word_1_100' title='bbox 1202 1807 1265 1874; x_wconf 91' lang='lat' dir='ltr'>ulli</span> 
     </span>
     <span class='ocr_line' id='line_1_15' title="bbox 214 1904 1264 1989; baseline 0.003 -22"><span class='ocrx_word' id='word_1_101' title='bbox 214 1911 360 1988; x_wconf 88' lang='lat' dir='ltr'>possunt</span> <span class='ocrx_word' id='word_1_102' title='bbox 388 1904 512 1968; x_wconf 86' lang='lat' dir='ltr'>laxari.</span> <span class='ocrx_word' id='word_1_103' title='bbox 565 1904 752 1969; x_wconf 89' lang='lat' dir='ltr'>Praeterea</span> <span class='ocrx_word' id='word_1_104' title='bbox 780 1906 932 1970; x_wconf 84' lang='lat' dir='ltr'>habeant</span> <span class='ocrx_word' id='word_1_105' title='bbox 954 1905 1074 1970; x_wconf 83' lang='lat' dir='ltr'>famuli</span> <span class='ocrx_word' id='word_1_106' title='bbox 1101 1907 1157 1970; x_wconf 93' lang='lat' dir='ltr'>dei</span> <span class='ocrx_word' id='word_1_107' title='bbox 1184 1926 1264 1989; x_wconf 93' lang='lat' dir='ltr'>pro-</span> 
     </span>
     <span class='ocr_line' id='line_1_16' title="bbox 213 2004 1264 2089; baseline 0.003 -22"><span class='ocrx_word' id='word_1_108' title='bbox 213 2006 324 2088; x_wconf 89' lang='lat' dir='ltr'>priam</span> <span class='ocrx_word' id='word_1_109' title='bbox 342 2004 537 2068; x_wconf 87' lang='lat' dir='ltr'>libertatem</span> <span class='ocrx_word' id='word_1_110' title='bbox 552 2005 589 2068; x_wconf 92' lang='lat' dir='ltr'>in</span> <span class='ocrx_word' id='word_1_111' title='bbox 603 2006 757 2089; x_wconf 89' lang='lat' dir='ltr'>proficuo</span> <span class='ocrx_word' id='word_1_112' title='bbox 770 2007 958 2089; x_wconf 86' lang='lat' dir='ltr'>syluarum,</span> <span class='ocrx_word' id='word_1_113' title='bbox 978 2005 1144 2070; x_wconf 85' lang='lat' dir='ltr'>infructu</span> <span class='ocrx_word' id='word_1_114' title='bbox 1161 2025 1264 2086; x_wconf 85' lang='lat' dir='ltr'>agro-</span> 
     </span>
     <span class='ocr_line' id='line_1_17' title="bbox 213 2105 1265 2188; baseline 0.001 -19"><span class='ocrx_word' id='word_1_115' title='bbox 213 2125 301 2184; x_wconf 87' lang='lat' dir='ltr'>rum,</span> <span class='ocrx_word' id='word_1_116' title='bbox 330 2105 367 2167; x_wconf 93' lang='lat' dir='ltr'>in</span> <span class='ocrx_word' id='word_1_117' title='bbox 394 2112 539 2187; x_wconf 90' lang='lat' dir='ltr'>captura</span> <span class='ocrx_word' id='word_1_118' title='bbox 568 2105 734 2186; x_wconf 88' lang='lat' dir='ltr'>piscium:</span> <span class='ocrx_word' id='word_1_119' title='bbox 767 2126 831 2171; x_wconf 90' lang='lat' dir='ltr'>nec</span> <span class='ocrx_word' id='word_1_120' title='bbox 852 2106 1058 2171; x_wconf 90' lang='lat' dir='ltr'>munuscula</span> <span class='ocrx_word' id='word_1_121' title='bbox 1076 2107 1265 2188; x_wconf 85' lang='lat' dir='ltr'>praebeant</span> 
     </span>
     <span class='ocr_line' id='line_1_18' title="bbox 214 2204 1266 2288; baseline 0.001 -20"><span class='ocrx_word' id='word_1_122' title='bbox 214 2206 299 2288; x_wconf 85' lang='lat' dir='ltr'>regi,</span> <span class='ocrx_word' id='word_1_123' title='bbox 312 2204 368 2268; x_wconf 92' lang='lat' dir='ltr'>uel</span> <span class='ocrx_word' id='word_1_124' title='bbox 379 2205 602 2287; x_wconf 80' lang='lat' dir='ltr'>principibuS,</span> <span class='ocrx_word' id='word_1_125' title='bbox 614 2206 681 2268; x_wconf 88' lang='lat' dir='ltr'>nisi</span> <span class='ocrx_word' id='word_1_126' title='bbox 691 2205 904 2287; x_wconf 89' lang='lat' dir='ltr'>uoluntaria;</span> <span class='ocrx_word' id='word_1_127' title='bbox 928 2206 988 2271; x_wconf 88' lang='lat' dir='ltr'>sed</span> <span class='ocrx_word' id='word_1_128' title='bbox 999 2206 1098 2270; x_wconf 89' lang='lat' dir='ltr'>liberi</span> <span class='ocrx_word' id='word_1_129' title='bbox 1111 2205 1266 2271; x_wconf 76' lang='lat' dir='ltr'>sennan</span> 
     </span>
     <span class='ocr_line' id='line_1_19' title="bbox 213 2304 1265 2389; baseline 0 -19"><span class='ocrx_word' id='word_1_130' title='bbox 213 2307 352 2370; x_wconf 91' lang='lat' dir='ltr'>domino</span> <span class='ocrx_word' id='word_1_131' title='bbox 375 2305 412 2368; x_wconf 90' lang='lat' dir='ltr'>in</span> <span class='ocrx_word' id='word_1_132' title='bbox 434 2304 725 2386; x_wconf 89' lang='lat' dir='ltr'>contemplatione</span> <span class='ocrx_word' id='word_1_133' title='bbox 743 2306 888 2389; x_wconf 88' lang='lat' dir='ltr'>pacifica</span> <span class='ocrx_word' id='word_1_134' title='bbox 908 2326 971 2389; x_wconf 90' lang='lat' dir='ltr'>per</span> <span class='ocrx_word' id='word_1_135' title='bbox 984 2312 1097 2370; x_wconf 91' lang='lat' dir='ltr'>totum</span> <span class='ocrx_word' id='word_1_136' title='bbox 1119 2325 1265 2388; x_wconf 85' lang='lat' dir='ltr'>regnum</span> 
     </span>
     <span class='ocr_line' id='line_1_20' title="bbox 214 2405 663 2487; baseline -0.004 -17"><span class='ocrx_word' id='word_1_137' title='bbox 214 2425 338 2483; x_wconf 90' lang='lat' dir='ltr'>meum,</span> <span class='ocrx_word' id='word_1_138' title='bbox 353 2405 513 2487; x_wconf 91' lang='lat' dir='ltr'>usquein</span> <span class='ocrx_word' id='word_1_139' title='bbox 528 2424 663 2469; x_wconf 89' lang='lat' dir='ltr'>acuum.</span> 
     </span>
    </p>
   </div>
   <div class='ocr_carea' id='block_1_3' title="bbox 672 2571 794 2582">
    <p class='ocr_par' dir='ltr' id='par_1_3' title="bbox 672 2571 794 2582">
     <span class='ocr_line' id='line_1_21' title="bbox 672 2571 794 2582; baseline -0.008 0"><span class='ocrx_word' id='word_1_140' title='bbox 672 2571 794 2582; x_wconf 73' lang='lat' dir='ltr'>——n</span> 
     </span>
    </p>
   </div>
   <div class='ocr_carea' id='block_1_4' title="bbox 380 2691 1112 2926">
    <p class='ocr_par' dir='ltr' id='par_1_4' title="bbox 380 2691 1112 2926">
     <span class='ocr_line' id='line_1_22' title="bbox 665 2691 815 2757; baseline 0.013 -2"><span class='ocrx_word' id='word_1_141' title='bbox 665 2691 815 2757; x_wconf 90' lang='lat' dir='ltr'>LXXI.</span> 
     </span>
     <span class='ocr_line' id='line_1_23' title="bbox 380 2835 1112 2926; baseline -0.001 -19"><span class='ocrx_word' id='word_1_142' title='bbox 380 2841 459 2908; x_wconf 92' lang='lat' dir='ltr'>INI</span> <span class='ocrx_word' id='word_1_143' title='bbox 484 2841 549 2906; x_wconf 89' lang='lat' dir='ltr'>OF</span> <span class='ocrx_word' id='word_1_144' title='bbox 571 2841 790 2921; x_wconf 89' lang='lat' dir='ltr'>WESSEX‚</span> <span class='ocrx_word' id='word_1_145' title='bbox 815 2841 900 2926; x_wconf 89' lang='lat' dir='ltr'>July</span> <span class='ocrx_word' id='word_1_146' title='bbox 914 2835 1112 2921; x_wconf 54' lang='lat' dir='ltr'>aethnae}</span> 
     </span>
    </p>
   </div>
   <div class='ocr_carea' id='block_1_5' title="bbox 210 2985 1263 3376">
    <p class='ocr_par' dir='ltr' id='par_1_5' title="bbox 210 2985 1263 3376">
     <span class='ocr_line' id='line_1_24' title="bbox 262 2985 1260 3074; baseline -0.003 -17"><span class='ocrx_word' id='word_1_147' title='bbox 262 2985 301 3068; x_wconf 59' lang='grc' dir='ltr'>ᾧ</span> <span class='ocrx_word' id='word_1_148' title='bbox 316 2992 360 3057; x_wconf 77' lang='lat' dir='ltr'>IN</span> <span class='ocrx_word' id='word_1_149' title='bbox 377 2993 514 3057; x_wconf 91' lang='lat' dir='ltr'>nomine</span> <span class='ocrx_word' id='word_1_150' title='bbox 528 2992 583 3056; x_wconf 90' lang='lat' dir='ltr'>dei</span> <span class='ocrx_word' id='word_1_151' title='bbox 597 2991 706 3074; x_wconf 90' lang='lat' dir='ltr'>patris</span> <span class='ocrx_word' id='word_1_152' title='bbox 721 2992 987 3074; x_wconf 87' lang='lat' dir='ltr'>omnipotentis!</span> <span class='ocrx_word' id='word_1_153' title='bbox 1028 2989 1133 3056; x_wconf 87' lang='lat' dir='ltr'>Anno</span> <span class='ocrx_word' id='word_1_154' title='bbox 1147 2991 1260 3055; x_wconf 89' lang='lat' dir='ltr'>incar-</span> 
     </span>
     <span class='ocr_line' id='line_1_25' title="bbox 212 3091 1263 3174; baseline 0 -18"><span class='ocrx_word' id='word_1_155' title='bbox 212 3094 363 3159; x_wconf 87' lang='lat' dir='ltr'>nationis</span> <span class='ocrx_word' id='word_1_156' title='bbox 384 3093 569 3157; x_wconf 87' lang='lat' dir='ltr'>saluatoris</span> <span class='ocrx_word' id='word_1_157' title='bbox 584 3091 725 3155; x_wconf 87' lang='lat' dir='ltr'>humani</span> <span class='ocrx_word' id='word_1_158' title='bbox 739 3093 876 3174; x_wconf 84' lang='lat' dir='ltr'>generis</span> <span class='ocrx_word' id='word_1_159' title='bbox 889 3109 1044 3157; x_wconf 78' lang='lat' dir='ltr'>ncnxur.</span> <span class='ocrx_word' id='word_1_160' title='bbox 1069 3091 1263 3156; x_wconf 89' lang='lat' dir='ltr'>Indictione</span> 
     </span>
     <span class='ocr_line' id='line_1_26' title="bbox 210 3190 1261 3276; baseline -0.001 -18"><span class='ocrx_word' id='word_1_161' title='bbox 210 3201 312 3258; x_wconf 83' lang='lat' dir='ltr'>sexta</span> <span class='ocrx_word' id='word_1_162' title='bbox 338 3210 422 3257; x_wconf 88' lang='lat' dir='ltr'>x111.</span> <span class='ocrx_word' id='word_1_163' title='bbox 439 3190 606 3256; x_wconf 86' lang='lat' dir='ltr'>kalendas</span> <span class='ocrx_word' id='word_1_164' title='bbox 626 3190 781 3274; x_wconf 85' lang='lat' dir='ltr'>Augusti</span> <span class='ocrx_word' id='word_1_165' title='bbox 794 3241 802 3256; x_wconf 93' lang='lat'><strong>.</strong></span> <span class='ocrx_word' id='word_1_166' title='bbox 815 3193 945 3276; x_wconf 86' lang='lat' dir='ltr'>scripta</span> <span class='ocrx_word' id='word_1_167' title='bbox 966 3199 1020 3257; x_wconf 90' lang='lat' dir='ltr'>est</span> <span class='ocrx_word' id='word_1_168' title='bbox 1041 3192 1170 3275; x_wconf 82' lang='lat' dir='ltr'>pagina</span> <span class='ocrx_word' id='word_1_169' title='bbox 1190 3193 1261 3275; x_wconf 88' lang='lat' dir='ltr'>pri·</span> 
     </span>
     <span class='ocr_line' id='line_1_27' title="bbox 210 3291 1262 3376; baseline 0 -19"><span class='ocrx_word' id='word_1_170' title='bbox 210 3294 340 3376; x_wconf 81' lang='lat' dir='ltr'>uilegii.</span> <span class='ocrx_word' id='word_1_171' title='bbox 391 3293 469 3374; x_wconf 87' lang='lat' dir='ltr'>Ego</span> <span class='ocrx_word' id='word_1_172' title='bbox 484 3291 541 3356; x_wconf 88' lang='lat' dir='ltr'>Ini</span> <span class='ocrx_word' id='word_1_173' title='bbox 564 3312 628 3356; x_wconf 85' lang='lat' dir='ltr'>rex</span> <span class='ocrx_word' id='word_1_174' title='bbox 656 3292 845 3370; x_wconf 83' lang='lat' dir='ltr'>Saxonum,</span> <span class='ocrx_word' id='word_1_175' title='bbox 869 3313 932 3375; x_wconf 91' lang='lat' dir='ltr'>pro</span> <span class='ocrx_word' id='word_1_176' title='bbox 954 3292 1104 3356; x_wconf 89' lang='lat' dir='ltr'>remedio</span> <span class='ocrx_word' id='word_1_177' title='bbox 1127 3292 1262 3357; x_wconf 88' lang='lat' dir='ltr'>animae</span> 
     </span>
    </p>
   </div>
   <div class='ocr_carea' id='block_1_6' title="bbox 208 3391 1263 3878">
    <p class='ocr_par' dir='ltr' id='par_1_6' title="bbox 208 3391 1263 3878">
     <span class='ocr_line' id='line_1_28' title="bbox 208 3391 1263 3476; baseline -0.003 -17"><span class='ocrx_word' id='word_1_178' title='bbox 208 3413 306 3458; x_wconf 87' lang='lat' dir='ltr'>meae</span> <span class='ocrx_word' id='word_1_179' title='bbox 328 3393 479 3475; x_wconf 87' lang='lat' dir='ltr'>aliquam</span> <span class='ocrx_word' id='word_1_180' title='bbox 501 3399 635 3474; x_wconf 88' lang='lat' dir='ltr'>partem</span> <span class='ocrx_word' id='word_1_181' title='bbox 657 3399 769 3457; x_wconf 88' lang='lat' dir='ltr'>terrae</span> <span class='ocrx_word' id='word_1_182' title='bbox 791 3392 924 3457; x_wconf 91' lang='lat' dir='ltr'>donans</span> <span class='ocrx_word' id='word_1_183' title='bbox 945 3391 1119 3476; x_wconf 87' lang='lat' dir='ltr'>impendo,</span> <span class='ocrx_word' id='word_1_184' title='bbox 1146 3391 1182 3454; x_wconf 91' lang='lat' dir='ltr'>id</span> <span class='ocrx_word' id='word_1_185' title='bbox 1209 3399 1263 3456; x_wconf 89' lang='lat' dir='ltr'>est</span> 
     </span>
     <span class='ocr_line' id='line_1_29' title="bbox 208 3490 1262 3574; baseline -0.004 -17"><span class='ocrx_word' id='word_1_186' title='bbox 208 3494 327 3559; x_wconf 89' lang='lat' dir='ltr'>decem</span> <span class='ocrx_word' id='word_1_187' title='bbox 343 3499 511 3570; x_wconf 66' lang='lat' dir='ltr'>cassam,</span> <span class='ocrx_word' id='word_1_188' title='bbox 526 3490 709 3574; x_wconf 83' lang='lat' dir='ltr'>Hemgislo</span> <span class='ocrx_word' id='word_1_189' title='bbox 725 3493 854 3569; x_wconf 90' lang='lat' dir='ltr'>abbati,</span> <span class='ocrx_word' id='word_1_190' title='bbox 868 3512 947 3556; x_wconf 91' lang='lat' dir='ltr'>cum</span> <span class='ocrx_word' id='word_1_191' title='bbox 961 3491 1134 3574; x_wconf 89' lang='lat' dir='ltr'>pontificis</span> <span class='ocrx_word' id='word_1_192' title='bbox 1152 3492 1262 3554; x_wconf 87' lang='lat' dir='ltr'>nostri</span> 
     </span>
     <span class='ocr_line' id='line_1_30' title="bbox 208 3589 1261 3674; baseline -0.007 -16"><span class='ocrx_word' id='word_1_193' title='bbox 208 3594 366 3672; x_wconf 88' lang='lat' dir='ltr'>oonsilio,</span> <span class='ocrx_word' id='word_1_194' title='bbox 391 3593 628 3657; x_wconf 89' lang='lat' dir='ltr'>consentiente</span> <span class='ocrx_word' id='word_1_195' title='bbox 653 3591 827 3656; x_wconf 84' lang='lat' dir='ltr'>Baldredo</span> <span class='ocrx_word' id='word_1_196' title='bbox 849 3593 909 3674; x_wconf 91' lang='lat' dir='ltr'>qui</span> <span class='ocrx_word' id='word_1_197' title='bbox 931 3592 1020 3656; x_wconf 90' lang='lat' dir='ltr'>hanc</span> <span class='ocrx_word' id='word_1_198' title='bbox 1046 3597 1173 3654; x_wconf 86' lang='lat' dir='ltr'>terram</span> <span class='ocrx_word' id='word_1_199' title='bbox 1199 3589 1261 3652; x_wconf 94' lang='lat' dir='ltr'>do·</span> 
     </span>
     <span class='ocr_line' id='line_1_31' title="bbox 209 3688 1261 3776; baseline -0.001 -19"><span class='ocrx_word' id='word_1_200' title='bbox 209 3695 308 3760; x_wconf 88' lang='lat' dir='ltr'>nauit</span> <span class='ocrx_word' id='word_1_201' title='bbox 334 3695 366 3759; x_wconf 89' lang='lat' dir='ltr'>ei</span> <span class='ocrx_word' id='word_1_202' title='bbox 400 3713 461 3776; x_wconf 91' lang='lat' dir='ltr'>per</span> <span class='ocrx_word' id='word_1_203' title='bbox 485 3693 686 3775; x_wconf 85' lang='lat' dir='ltr'>petitionem</span> <span class='ocrx_word' id='word_1_204' title='bbox 711 3691 906 3773; x_wconf 88' lang='lat' dir='ltr'>Sigeberis:</span> <span class='ocrx_word' id='word_1_205' title='bbox 949 3711 1010 3775; x_wconf 91' lang='lat' dir='ltr'>per</span> <span class='ocrx_word' id='word_1_206' title='bbox 1038 3709 1094 3760; x_wconf 81' lang='lat' dir='ltr'>me</span> <span class='ocrx_word' id='word_1_207' title='bbox 1119 3688 1261 3756; x_wconf 88' lang='lat' dir='ltr'>donatio</span> 
     </span>
     <span class='ocr_line' id='line_1_32' title="bbox 208 3787 1263 3878; baseline -0.005 -22"><span class='ocrx_word' id='word_1_208' title='bbox 208 3793 294 3860; x_wconf 88' lang='lat' dir='ltr'>haec</span> <span class='ocrx_word' id='word_1_209' title='bbox 312 3795 564 3878; x_wconf 87' lang='lat' dir='ltr'>imperpetuum</span> <span class='ocrx_word' id='word_1_210' title='bbox 587 3793 633 3857; x_wconf 87' lang='lat' dir='ltr'>sit</span> <span class='ocrx_word' id='word_1_211' title='bbox 652 3792 855 3858; x_wconf 87' lang='lat' dir='ltr'>confirmata</span> <span class='ocrx_word' id='word_1_212' title='bbox 873 3799 914 3857; x_wconf 90' lang='lat' dir='ltr'>ut</span> <span class='ocrx_word' id='word_1_213' title='bbox 936 3790 1053 3857; x_wconf 88' lang='lat' dir='ltr'>nullus</span> <span class='ocrx_word' id='word_1_214' title='bbox 1075 3787 1263 3871; x_wconf 81' lang='lat' dir='ltr'>infringere</span> 
     </span>
    </p>
   </div>
   <div class='ocr_carea' id='block_1_7' title="bbox 207 4035 1264 4175">
    <p class='ocr_par' dir='ltr' id='par_1_7' title="bbox 207 4035 1264 4175">
     <span class='ocr_line' id='line_1_33' title="bbox 244 4035 1264 4102; baseline -0.002 -12"><span class='ocrx_word' id='word_1_215' title='bbox 244 4041 332 4090; x_wconf 88' lang='lat' dir='ltr'>¹&#39;l&#39;his</span> <span class='ocrx_word' id='word_1_216' title='bbox 347 4039 455 4102; x_wconf 87' lang='lat' dir='ltr'>charter,</span> <span class='ocrx_word' id='word_1_217' title='bbox 474 4039 559 4089; x_wconf 85' lang='lat' dir='ltr'>which</span> <span class='ocrx_word' id='word_1_218' title='bbox 581 4040 603 4088; x_wconf 81' lang='lat' dir='ltr'>ie</span> <span class='ocrx_word' id='word_1_219' title='bbox 627 4043 671 4088; x_wconf 92' lang='lat' dir='ltr'>not</span> <span class='ocrx_word' id='word_1_220' title='bbox 694 4038 723 4087; x_wconf 81' lang='lat' dir='ltr'>of</span> <span class='ocrx_word' id='word_1_221' title='bbox 745 4039 773 4088; x_wconf 83' lang='lat' dir='ltr'>ol</span> <span class='ocrx_word' id='word_1_222' title='bbox 788 4038 830 4087; x_wconf 88' lang='lat' dir='ltr'>the</span> <span class='ocrx_word' id='word_1_223' title='bbox 851 4037 1012 4087; x_wconf 85' lang='lat' dir='ltr'>Incarnation</span> <span class='ocrx_word' id='word_1_224' title='bbox 1032 4035 1080 4085; x_wconf 85' lang='lat' dir='ltr'>bas</span> <span class='ocrx_word' id='word_1_225' title='bbox 1102 4037 1166 4084; x_wconf 82' lang='lat' dir='ltr'>been</span> <span class='ocrx_word' id='word_1_226' title='bbox 1188 4037 1264 4088; x_wconf 86' lang='lat' dir='ltr'>inter·</span> 
     </span>
     <span class='ocr_line' id='line_1_34' title="bbox 207 4105 1261 4175; baseline -0.004 -13"><span class='ocrx_word' id='word_1_227' title='bbox 207 4115 266 4175; x_wconf 77' lang='lat'>66³,</span> <span class='ocrx_word' id='word_1_228' title='bbox 280 4127 340 4173; x_wconf 88' lang='lat' dir='ltr'>may</span> <span class='ocrx_word' id='word_1_229' title='bbox 353 4111 413 4160; x_wconf 88' lang='lat' dir='ltr'>well</span> <span class='ocrx_word' id='word_1_230' title='bbox 426 4111 458 4159; x_wconf 91' lang='lat' dir='ltr'>be</span> <span class='ocrx_word' id='word_1_231' title='bbox 474 4111 503 4159; x_wconf 83' lang='lat' dir='ltr'>of</span> <span class='ocrx_word' id='word_1_232' title='bbox 513 4115 570 4160; x_wconf 71' lang='lat'>⁷23.</span> <span class='ocrx_word' id='word_1_233' title='bbox 606 4111 632 4159; x_wconf 94' lang='lat' dir='ltr'>It</span> <span class='ocrx_word' id='word_1_234' title='bbox 646 4111 720 4160; x_wconf 83' lang='lat' dir='ltr'>bears</span> <span class='ocrx_word' id='word_1_235' title='bbox 745 4108 856 4170; x_wconf 80' lang='lat' dir='ltr'>polated,</span> <span class='ocrx_word' id='word_1_236' title='bbox 871 4109 923 4156; x_wconf 87' lang='lat' dir='ltr'>and</span> <span class='ocrx_word' id='word_1_237' title='bbox 938 4107 1030 4169; x_wconf 80' lang='lat' dir='ltr'>falsely</span> <span class='ocrx_word' id='word_1_238' title='bbox 1040 4105 1184 4157; x_wconf 75' lang='lat' dir='ltr'>calculated</span> <span class='ocrx_word' id='word_1_239' title='bbox 1198 4107 1261 4158; x_wconf 82' lang='lat' dir='ltr'>from</span> 
     </span>
    </p>
   </div>
   <div class='ocr_carea' id='block_1_8' title="bbox 128 4179 933 4246">
    <p class='ocr_par' dir='ltr' id='par_1_8' title="bbox 128 4179 933 4246">
     <span class='ocr_line' id='line_1_35' title="bbox 128 4179 933 4246; baseline -0.005 -13"><span class='ocrx_word' id='word_1_240' title='bbox 128 4196 131 4202; x_wconf 93' lang='lat'><em>·</em></span> <span class='ocrx_word' id='word_1_241' title='bbox 207 4183 293 4233; x_wconf 84' lang='lat' dir='ltr'>marks</span> <span class='ocrx_word' id='word_1_242' title='bbox 310 4181 340 4232; x_wconf 85' lang='lat' dir='ltr'>ol</span> <span class='ocrx_word' id='word_1_243' title='bbox 352 4181 528 4246; x_wconf 83' lang='lat' dir='ltr'>authenticity‚</span> <span class='ocrx_word' id='word_1_244' title='bbox 544 4183 590 4233; x_wconf 87' lang='lat' dir='ltr'>but</span> <span class='ocrx_word' id='word_1_245' title='bbox 606 4180 649 4231; x_wconf 84' lang='lat' dir='ltr'>the</span> <span class='ocrx_word' id='word_1_246' title='bbox 659 4195 721 4243; x_wconf 87' lang='lat' dir='ltr'>year</span> <span class='ocrx_word' id='word_1_247' title='bbox 745 4179 787 4229; x_wconf 87' lang='lat' dir='ltr'>the</span> <span class='ocrx_word' id='word_1_248' title='bbox 799 4179 933 4229; x_wconf 89' lang='lat' dir='ltr'>Indiction.</span> 
     </span>
    </p>
   </div>
   <div class='ocr_carea' id='block_1_9' title="bbox 1105 4252 1152 4298">
    <p class='ocr_par' dir='ltr' id='par_1_9' title="bbox 1105 4252 1152 4298">
     <span class='ocr_line' id='line_1_36' title="bbox 1105 4252 1152 4298; baseline 0.043 -2"><span class='ocrx_word' id='word_1_249' title='bbox 1105 4252 1152 4298; x_wconf 75' lang='lat'>02</span> 
     </span>
    </p>
   </div>
   <div class='ocr_carea' id='block_1_10' title="bbox 0 0 1598 5032">
    <p class='ocr_par' dir='ltr' id='par_1_10' title="bbox 0 0 1598 5032">
     <span class='ocr_line' id='line_1_37' title="bbox 0 0 1598 5032; baseline 0 5"><span class='ocrx_word' id='word_1_250' title='bbox 0 0 1598 5032; x_wconf 95' lang='lat' dir='ltr'> </span> 
     </span>
    </p>
   </div>
  </div>
 </body>
</html>
