3188 5032
292 377 337 442 ol
550 389 723 439 ounnrnn
745 386 1089 437 anonosnxouronn.

294 566 349 612 res
364 547 517 612 secundi
530 546 596 611 hoo
610 545 746 610 nisibile
761 545 847 610 sclm
862 565 952 610 nuno
968 545 1164 628 inpertitur.
1217 545 1265 610 Et
1278 546 1346 609 illis

294 648 353 731 qui
376 665 595 720 concessores
624 647 780 710 existunt
809 662 835 726 p
863 646 1028 728 inpertito
1058 665 1177 727 opere.
1206 647 1347 729 pietatis

293 748 430 812 uberior
466 747 599 812 fructus
637 745 790 810 secundii
826 745 999 809 inuisibile
1028 746 1248 827 postmodum
1282 747 1344 809 tri·

294 849 435 911 buetnr.
459 847 681 929 quamobrem
709 865 791 928 ego.
821 845 1028 909 ethilbaldus
1057 865 1120 909 rex
1151 848 1241 910 meio
1267 866 1345 928 pre-

295 948 421 1012 sentib:
437 947 561 1011 litteris
576 947 690 1010 indico
708 965 763 1010 me
782 945 917 1009 dedisse
930 965 957 1030 p
973 946 1088 1009 anima
1103 965 1180 1010 mea
1192 947 1347 1010 alduulfo

296 1048 390 1130 episi
419 1047 608 1130 eoelesiaeq:
639 1046 734 1111 beati
764 1046 901 1110 andreae
924 1046 1025 1127 apo'it
1048 1065 1153 1128 quam
1177 1047 1348 1128 gubernat

295 1148 398 1212 unius
412 1147 513 1211 nauis
527 1148 600 1211 siue
615 1147 677 1211 illa
690 1146 828 1229 proprie
841 1146 951 1228 ipsius
966 1146 1040 1210 siue
1057 1145 1241 1211 cuiuslibet
1260 1146 1347 1209 alte-

296 1249 368 1312 rius
387 1247 534 1311 hominis
560 1247 606 1312 sit
630 1246 803 1311 incessum
828 1247 863 1310 id
887 1259 904 1306 r
924 1246 1075 1329 uectigal
1097 1245 1181 1309 mibi
1199 1253 1235 1310 et
1249 1253 1346 1310 ante·

295 1349 457 1413 oessorib:
488 1347 574 1411 meis
604 1346 678 1410 iure
706 1346 803 1428 regio
830 1347 866 1410 in
896 1353 1000 1427 portu
1030 1346 1204 1410 lundoniae
1236 1365 1345 1428 nsque

295 1449 463 1514 hactenus
491 1455 732 1531 conpetentem
759 1447 1023 1529 quemammodii
1050 1446 1347 1510 mansuetudinem

295 1549 391 1612 niam
412 1549 574 1630 rogauit,
612 1566 702 1629 quae
723 1546 865 1611 donatio
887 1553 926 1610 ut
947 1547 984 1610 in
1005 1553 1209 1629 perpetuum
1232 1547 1347 1629 [firma

296 1654 332 1712 et
354 1648 489 1711 stabilis
511 1648 572 1728 sit]
595 1647 646 1711 ita
667 1654 708 1712 ut
728 1648 844 1710 nullus
863 1667 939 1710 eam
959 1648 1044 1729 regii
1066 1645 1081 1709 l
1105 1647 1310 1728 optimatum
1332 1645 1347 1709 l

295 1747 519 1813 teloniariorii
540 1745 555 1809 l
580 1747 684 1812 etiam
712 1748 849 1811 iuniorii
871 1747 1016 1828 quilibet
1037 1747 1155 1829 ipsorii
1183 1747 1221 1809 in
1248 1754 1347 1829 parte

296 1848 419 1912 autin
445 1854 521 1911 toto
551 1849 603 1931 [in
637 1848 772 1911 irritum
801 1847 1015 1929 praesumat]
1049 1854 1111 1910 aut
1144 1847 1255 1928 possit
1284 1847 1345 1909 ad·

295 1948 420 2012 ducere
441 1966 546 2010 manu
567 1949 669 2036 pprio
691 1948 828 2030 signum
855 1949 912 2011 ste
940 1947 1051 2011 erucis
1071 1948 1190 2011 subter
1214 1947 1251 2010 in
1279 1945 1345 2010 bac

296 2048 443 2131 pa[gina
481 2047 606 2111 faciam
643 2048 834 2129 testesque]
878 2054 918 2111 ut
956 2047 1175 2111 subscribant
1217 2054 1343 2128 petam.

297 2148 452 2230 quisquis
474 2146 509 2232 ig
532 2141 620 2226 id'q3
641 2168 704 2230 pro
727 2149 844 2211 anima
866 2167 943 2211 mea
964 2135 1104 2224 donaui,
1134 2153 1196 2211 aut
1222 2146 1345 2229 [dona-

297 2248 389 2328 tu]m
403 2263 420 2308 e
433 2247 615 2311 inlibatum
629 2267 830 2330 permanere
844 2247 998 2332 pmiserit
1016 2246 1144 2312 habeat
1157 2247 1346 2310 eommuni-

297 2367 398 2412 onem
415 2348 553 2411 beatam
578 2367 657 2420 oum
679 2355 804 2432 psente
826 2345 887 2434 xpi
910 2348 1056 2412 eeclesia
1083 2355 1149 2433 atq,
1166 2347 1299 2411 sutura.
1316 2347 1347 2410 si

296 2443 374 2530 quis
400 2445 423 2509 n
451 2467 522 2511 non
549 2448 754 2529 permiserit,
796 2455 975 2530 separetur
1003 2467 1025 2511 a
1055 2448 1221 2512 societate
1260 2449 1346 2530 [non

296 2548 408 2612 solum
432 2548 649 2628 sanc]torum
677 2547 819 2612 hominii
847 2548 908 2611 sed
938 2549 1043 2612 etiam
1067 2548 1245 2631 angelorii,
1272 2567 1346 2610 ma-

297 2653 400 2712 nente
414 2646 478 2711 hac
492 2647 679 2711 donatione
695 2648 757 2710 n'ia
771 2647 991 2713 nihilominus
1006 2648 1043 2710 in
1057 2667 1121 2711 sua
1136 2647 1310 2711 firmitate.

348 2744 476 2812 Actum
496 2766 615 2811 mense
637 2748 851 2830 Septembrio
873 2747 944 2812 die.
958 2747 1060 2813 indic.
1075 2764 1115 2812 11.
1133 2767 1225 2812 anno
1247 2747 1345 2830 regni

297 2847 360 2912 nii.
378 2861 470 2910 xv11.

352 2947 390 3028 ›1‹
419 2944 495 3029 Ego
511 2945 698 3010 aethilbald
716 2965 780 3010 rex
795 2946 984 3030 subscripsi

350 3048 390 3128 ›1‹
417 3045 493 3128 Ego
507 3044 646 3109 danihel
661 3046 755 3130 episi
771 3047 893 3129 scripsi

350 3148 390 3228 ›1‹
417 3145 563 3228 Signum
578 3164 701 3210 manus
717 3147 783 3211 oba

350 3247 390 3327 ›1‹
411 3245 556 3329 Signum
570 3265 693 3310 manns
707 3246 840 3329 sigibed
946 3237 948 3242 ’

338 3353 493 3419 Indorsed.

349 3451 389 3531 ›1‹
418 3447 499 3512 Hoc
528 3449 632 3513 etiam
659 3449 784 3514 iterum
809 3447 1013 3512 confirmatii
1037 3466 1054 3512 s
1081 3466 1103 3511 a
1128 3448 1346 3515 beorbtuulso

294 3550 369 3630 regi
382 3549 550 3612 merciorii
563 3549 601 3612 in
616 3550 693 3614 uico
711 3550 820 3633 regali
835 3548 1121 3630 nuerburgeuuio.

351 3650 391 3730 *1⁴
417 3648 495 3732 Ego
523 3648 702 3714 berhtuulf
723 3669 786 3714 rex
814 3650 906 3714 meri:
936 3646 1026 3712 hane
1052 3667 1164 3712 meam
1188 3645 1346 3711 donatio·

293 3769 373 3812 nem
402 3755 437 3812 et
465 3748 682 3836 pdeoessoris
709 3751 777 3814 mei
801 3748 1001 3815 aethilbaldi
1028 3749 1119 3830 regis
1146 3767 1224 3811 oum
1247 3747 1347 3829 signo

294 3851 352 3913 sie
383 3849 494 3912 crucis
520 3846 581 3935 xpi
607 3850 809 3916 confirmari
840 3849 893 3914 his
926 3848 1041 3913 testib:
1081 3847 1344 3912 consentientib:

262 3975 264 3980 ·
295 3957 331 4013 et
356 3949 467 4031 quorii
494 3969 622 4014 nomna
647 3951 703 4015 hio
733 3940 912 4016 continent
935 3949 979 4013 ad
1005 3945 1221 4031 indulgentiii
1243 3946 1348 4012 delio·

294 4056 407 4113 tornm
435 4051 554 4113 meorri
579 4057 646 4141 atq³
662 4051 878 4146 pdeoessoris
910 4049 977 4112 mei
1006 4046 1215 4114 aethelbaldi
1243 4048 1347 4130 regis.

293 4147 429 4231 Siquis
451 4147 476 4212 n
499 4153 700 4216 successori
725 4152 844 4228 meorii
865 4149 952 4234 regii
974 4156 1035 4215 aut
1056 4147 1185 4232 pnoipir
1202 4146 1217 4210 l
1237 4147 1348 4213 thelo-
1459 4181 1465 4190 ·
