3168 5028
572 511 883 564 rurnooucrron.
1126 497 1235 562 lxxiii

229 674 318 741 hanc
333 695 370 740 se
384 675 484 740 fidem
498 682 612 742 tenere
632 685 668 742 et
689 676 775 760 ipsis
794 681 942 742 testatur
960 671 1136 754 indiculis,
1151 695 1230 759 quaa
1345 759 1347 762 Ι
1425 663 1429 670 ’

182 785 201 816 -’
230 779 303 842 suis
326 779 362 842 in
385 779 493 842 cereis
517 777 695 843 annuatim
719 777 866 842 scribere
889 776 988 855 solet,
1010 775 1069 841 vbi
1093 783 1230 860 tempus

231 879 409 946 dominicae
431 879 591 965 Passionis
618 879 654 942 in
682 879 879 944 memoriam
903 878 1025 961 populi
1050 897 1229 957 reuocans,

231 999 407 1045 numerum
429 999 595 1045 annorum
620 981 759 1063 triginta
782 999 918 1063 semper
937 986 974 1045 et
997 979 1106 1045 tribus
1128 979 1230 1045 annis

230 1082 392 1146 minorem
406 1081 509 1165 quam
525 1083 569 1147 ab
584 1083 659 1146 eius
673 1082 891 1146 incantatione
906 1080 1096 1166 Dionysius
1111 1090 1231 1164 ponat,

231 1183 384 1248 adnotat
430 1183 590 1268 Denique
610 1202 701 1249 anno
721 1185 766 1249 ab
787 1184 861 1248 eius
877 1183 1113 1248 incarnatione
1131 1183 1232 1247 iuxta

231 1283 434 1369 Dionysium
449 1283 772 1369 septingentessimo
787 1286 907 1368 primo,
919 1282 1111 1352 Indictione
1127 1303 1230 1367 quar·

229 1387 410 1465 tadeeima,
428 1385 550 1451 fratres
572 1386 682 1450 nostri
704 1373 764 1468 qui
783 1393 865 1450 tune
890 1383 984 1449 fuere
1008 1383 1141 1463 Romae,
1164 1386 1229 1450 hoc

231 1488 332 1552 modo
352 1508 391 1552 se
410 1489 447 1552 in
466 1487 575 1552 natali
595 1486 746 1564 Domini,
764 1487 800 1550 in
824 1486 933 1551 cereis
953 1495 1084 1551 sanctae
1105 1486 1229 1552 Mariae

232 1589 397 1672 scriptum
429 1588 558 1652 vidisse
589 1595 624 1652 et
657 1587 736 1653 inde
768 1587 991 1671 descripsisse
1020 1588 1230 1656 referebant:

233 1689 265 1752 A
288 1689 434 1774 persiceta
460 1688 600 1753 Domini
627 1689 735 1753 nostri
766 1687 848 1754 Iesu
880 1688 1009 1755 Christi
1036 1690 1118 1754 anni
1149 1697 1231 1756 sunt

232 1789 474 1856 DCLXVIII.

291 1893 346 1957 ne
361 1892 444 1958 Nat.
459 1891 541 1958 aar.
557 1913 632 1977 cap.
646 1893 756 1959 xlviii.
768 1892 872 1978 (uon.
887 1893 985 1973 rear,
999 1891 1058 1958 ru.
1073 1893 1128 1972 67,
1140 1843 1188 1978 a.)

275 2096 367 2162 Now
389 2096 457 2162 this
475 2117 635 2181 passage,
657 2097 688 2162 if
701 2097 729 2163 it
753 2115 877 2180 proves
900 2116 968 2181 any
988 2096 1085 2179 thing
1109 2104 1145 2161 at
1170 2096 1230 2174 all,

232 2197 345 2264 shows
360 2206 423 2264 not
434 2198 510 2264 that
523 2200 581 2264 the
596 2199 738 2282 English
751 2196 873 2264 monks
890 2217 979 2265 were
999 2197 1170 2281 surprised
1193 2205 1231 2265 at

232 2300 349 2383 seeing
368 2300 426 2366 the
445 2320 547 2384 years
567 2299 608 2364 of
627 2299 684 2366 the
705 2299 922 2366 incarnation
945 2299 1061 2378 noted,
1085 2299 1148 2364 but
1174 2299 1231 2364 the

231 2421 330 2484 years
352 2401 392 2464 of
411 2399 469 2465 the
492 2401 644 2484 passion.
693 2398 773 2463 And
799 2420 976 2466 moreover
1002 2401 1078 2465 that
1102 2400 1231 2484 though

233 2502 290 2566 the
311 2521 369 2566 era
389 2502 429 2565 of
442 2501 500 2567 the
520 2497 662 2586 passion
681 2521 754 2567 was
774 2522 851 2566 new
870 2510 907 2567 to
926 2501 1018 2567 them
1033 2503 1069 2566 in
1083 2501 1159 2581 701,
1173 2502 1231 2568 the

233 2624 293 2668 era
306 2603 347 2667 of
356 2604 413 2668 the
427 2604 644 2668 incarnation
658 2621 731 2668 was
745 2609 816 2668 not.

275 2703 431 2770 Another
445 2705 610 2771 evidence
624 2704 701 2770 that
714 2705 777 2769 has
792 2706 880 2770 been
892 2705 997 2770 relied
1013 2725 1107 2788 upon
1125 2706 1156 2771 is
1173 2705 1230 2772 tho

233 2809 353 2873 decree
372 2807 414 2871 of
428 2827 473 2872 an
493 2807 718 2891 Anglosaxon
735 2809 881 2888 council,
898 2809 1024 2874 holdcn
1044 2808 1081 2874 ln
1099 2809 1174 2887 816,
1194 2809 1230 2874 in

233 2910 344 2975 which
359 2910 417 2976 the
431 2909 605 2994 following
618 2910 732 2977 words
747 2930 870 2979 occur:

275 3113 379 3179 Nono
402 3117 581 3180 sanximus
600 3116 636 3179 in
655 3115 716 3180 illa
738 3115 884 3196 praefata
903 3115 1055 3198 Synodo,
1072 3122 1111 3179 ut
1129 3135 1231 3180 unus·

232 3218 379 3302 quisque
408 3218 656 3302 Episcoporum
685 3218 810 3282 debeat
840 3217 1032 3282 describere
1065 3217 1231 3284 iudicium

232 3321 318 3384 illud
339 3320 431 3404 quod
450 3322 485 3385 in
505 3311 734 3406 qualicunque
757 3320 896 3403 Synodo
920 3321 1144 3384 constitutum
1167 3326 1231 3398 est,

232 3423 289 3485 uel
310 3422 354 3486 ad
377 3422 469 3487 illius
489 3421 687 3506 parochiam
707 3422 886 3504 pertineat
929 3421 999 3488 Seu
1022 3422 1128 3486 etiam
1150 3440 1230 3485 con·

220 3523 418 3602 'stituinrus
432 3531 472 3588 ut
490 3543 567 3588 cum
587 3524 719 3587 ratione
740 3530 776 3587 et
795 3522 913 3588 ordine
930 3523 1103 3587 describat
1116 3521 1229 3606 qualis

232 3623 492 3689 annusDomini
504 3631 732 3707 computatur,
742 3624 942 3707 autequali
950 3622 1231 3706 Archiepiscopo,

232 3732 270 3790 et
291 3725 367 3790 aliis
387 3726 629 3791 adsedentibus
645 3723 827 3809 Episcopis
843 3727 1086 3808 inuestigatum
1101 3731 1137 3790 et
1150 3743 1231 3789 con-

231 3827 401 3890 firmatum
415 3828 462 3890 sit
475 3826 560 3891 illud
573 3826 757 3907 iudicium;
779 3845 822 3890 ne
837 3826 922 3892 forte
938 3827 1065 3910 aliquis
1080 3826 1180 3890 homo
1194 3827 1229 3890 in

233 3946 298 3992 sua
316 3927 490 4010 parochia,
509 3929 565 3993 cui
584 3934 715 3993 rectum
739 3929 785 3992 sit
807 3927 971 3992 iudicium
994 3929 1231 4008 constitutum,

234 4048 293 4112 per
319 4029 443 4096 falsam
470 4030 758 4096 machinationem
782 4038 818 4094 et
844 4030 970 4094 malam
995 4031 1183 4096 uersutiam
1209 4051 1231 4096 a

233 4138 326 4196 recto
354 4132 481 4200 iudicio
510 4133 667 4199 declinet.
719 4131 788 4198 Sed
813 4151 946 4214 semper
966 4141 1107 4200 maneat
1133 4133 1231 4198 firma
