3188 5032
490 441 661 490 susurru
684 443 1025 492 arenosaxourcae.
1238 429 1283 492 99

227 599 434 664 uocabulum
450 604 505 662 est
519 598 664 678 Tillatb,
678 600 811 665 duabus
831 601 1163 680 sanctimonialibus,
1180 603 1280 667 Dun-

227 720 298 764 nan
313 698 475 762 uidelicet
487 706 524 763 et
538 700 611 764 cius
625 700 717 765 filiae
729 701 887 782 Bucgan,
901 702 945 766 ad
960 703 1228 767 construendum
1243 703 1280 769 in

228 819 270 864 ea
285 799 543 877 monasterium,
557 798 594 864 in
608 801 663 864 ius
679 801 949 866 ecclesiasticum
963 803 1027 867 sub
1041 803 1150 867 libera
1163 811 1279 886 potes-

228 906 312 977 tate,
327 919 391 982 pro
407 889 708 964 uenia'facinorum
719 919 857 964 suorum
872 902 1280 987 condonauit,prop1iae-

228 996 294 1082 que
316 1018 440 1063 manus
454 999 705 1082 subscriptione
730 1000 819 1065 banc
840 1020 958 1064 eorum
980 1001 1199 1067 donationem
1221 1004 1279 1067 fir-

227 1098 348 1163 mauit.
386 1099 674 1164 Praefataautem
686 1099 741 1163 dei
754 1100 883 1165 famula
892 1102 1032 1179 Dunne,
1043 1110 1279 1167 constructum

226 1201 263 1263 in
278 1198 455 1282 praedicto
466 1199 580 1283 agello
592 1200 850 1279 monasterium,
862 1220 940 1265 cum
951 1202 1045 1285 agris
1057 1203 1278 1267 suisnecnon

228 1306 263 1364 et
271 1299 684 1382 cartulamdesoriptionis
693 1295 843 1382 agricui
851 1309 934 1366 tunc
943 1303 1277 1386 solaipsepraeerat,

228 1399 330 1477 filiae,
341 1399 502 1464 nimirum
511 1400 602 1464 filiae
611 1420 706 1479 suae,
720 1400 757 1462 in
771 1402 1036 1484 possessionem,
1045 1403 1089 1466 ad
1102 1402 1278 1466 dominum

227 1500 418 1581 migratura
428 1499 557 1583 largita
571 1507 636 1564 est.
691 1500 760 1564 Sed
769 1501 852 1583 quia
861 1501 946 1566 haec
959 1503 996 1565 in
1006 1503 1153 1586 paruula
1165 1503 1277 1568 adhuc

227 1606 341 1664 aetate
363 1607 438 1664 erat
460 1601 585 1683 posita,
601 1601 768 1666 cartulam
783 1603 968 1685 conscripti
990 1603 1076 1684 agri,
1092 1619 1225 1667 necnon
1241 1609 1278 1667 et

227 1718 361 1763 emnem
375 1700 576 1765 monasterii
589 1701 876 1784 procurationem,
893 1703 1008 1784 quoad
1022 1721 1131 1784 usque
1150 1702 1211 1766 illa
1232 1703 1277 1766 ad

226 1800 447 1864 maturiorem
461 1801 675 1883 peruenisset
687 1807 849 1880 aetatem,
863 1803 966 1865 matri
983 1802 1076 1865 illins
1095 1803 1277 1867 maritatae

226 1900 497 1963 conseruandam
525 1900 689 1965 iniunxit.
748 1899 848 1978 Quae
876 1920 955 1965 cum
984 1901 1151 1966 cartulam
1180 1903 1278 1966 reddi

226 2000 452 2081 poposcisset,
477 2001 539 2064 illa
558 2000 701 2064 reddere
726 2000 858 2079 nolens,
877 2001 971 2066 furtu
993 2001 1082 2065 hanc
1104 2002 1276 2067 sublatam

226 2100 415 2182 respondit.
482 2099 561 2178 Quo
590 2100 729 2164 tandem
760 2101 854 2164 omni
878 2101 1018 2184 negotio
1048 2101 1092 2164 ed
1120 2109 1276 2166 sanctam

226 2199 450 2266 sacerdotalis
474 2200 611 2265 concilii
632 2201 803 2286 synodum
828 2202 974 2284 perlato,
1000 2201 1154 2269 decreuit
1175 2221 1277 2266 omne

226 2299 423 2366 uenerabile
451 2300 645 2379 concilium,
676 2319 756 2364 cnm
784 2300 1061 2366 reuerentissimo
1090 2301 1277 2384 archiepis·

226 2419 313 2482 copo
333 2399 534 2478 Notbelmo,
556 2400 646 2466 hanc
667 2401 836 2464 cartulam
858 2401 1067 2479 donationis,
1082 2402 1139 2465 uel
1156 2419 1277 2484 regum

225 2500 281 2565 uel
307 2501 526 2584 supradictae
550 2501 605 2566 dei
634 2501 783 2564 famulae
805 2501 972 2578 Dunnan,
998 2501 1277 2566 manifestissime

224 2599 381 2679 describi,
393 2601 638 2684 praefataeque
648 2600 845 2666 abbatissae
860 2601 1053 2666 Hrotuuari
1067 2601 1175 2679 reddi,
1185 2601 1276 2666 eius-

149 2727 152 2736 ’
225 2718 292 2781 que
314 2701 567 2783 possessionem
589 2701 789 2766 monasterii
810 2701 1039 2765 firmissimam
1061 2720 1156 2780 esse;
1179 2701 1276 2766 dam-

225 2806 309 2864 nato
329 2801 489 2864 nimirum
512 2822 565 2881 eo,
581 2809 688 2886 utque
709 2801 1001 2867 anathematizato
1021 2801 1144 2886 synodi
1158 2821 1275 2866 sacra-

224 2899 379 2966 tissimae
400 2901 550 2980 decreto,
570 2902 630 2985 qui
649 2909 780 2966 cartam
802 2902 897 2966 illam
916 2902 1177 2985 subscriptionis
1199 2903 1276 2984 agri

225 3001 435 3083 primitiuam
456 3002 513 3065 uel
540 3022 603 3085 per
627 3002 731 3080 furta,
755 3001 814 3066 uel
835 3002 989 3085 quolibet
1009 3003 1111 3068 modo
1134 3003 1275 3067 fraudu·

224 3099 335 3164 lenter
350 3101 535 3166 auferendo
549 3101 725 3186 subripere
746 3103 1026 3186 praesumpserit.
1077 3100 1195 3186 Atque
1209 3103 1275 3168 boe

225 3199 383 3264 decernit,
392 3220 491 3267 sacra
504 3202 668 3286 synodus,
684 3210 724 3267 ut
740 3210 819 3285 post
834 3203 966 3267 obitum
988 3204 1074 3280 eius,
1090 3204 1180 3268 sient
1194 3211 1275 3269 ante

225 3305 395 3364 statutum
416 3301 483 3365 suit
501 3319 523 3366 a
541 3302 733 3366 senioribus
753 3303 838 3380 eius,
851 3302 897 3367 ad
913 3303 1143 3386 episcopalem
1158 3303 1275 3369 sedem

225 3407 376 3465 castrum
393 3401 671 3484 Uueogernensis
684 3401 771 3466 liber
784 3402 851 3480 hic,
866 3421 944 3466 cum
958 3411 1062 3480 terra,
1077 3403 1252 3468 reddatur.

280 3502 320 3582 ›1‹
347 3500 424 3583 Ego
447 3501 668 3580 Notbclmus,
690 3501 805 3584 gratia
824 3502 881 3566 dei
902 3502 1192 3586 archiepiscopus,
1217 3523 1274 3568 ca·

224 3601 347 3664 nonice
360 3600 558 3684 subscripsi.
595 3604 635 3684 ›1‹
646 3603 723 3685 Ego
740 3600 866 3665 Daniel
879 3601 1060 3685 episcopus
1075 3603 1274 3685 subscripsi.

228 3700 270 3782 ›1‹
287 3699 363 3782 Ego
378 3701 477 3766 Uuor
490 3701 672 3786 episcopus
686 3701 885 3786 subscripsi.
921 3704 974 3785 ›1‹
990 3701 1067 3784 Ego
1080 3701 1275 3784 Iucguuald

225 3799 407 3883 episcopus
421 3801 622 3885 subscripsi.
657 3794 708 3885 ox<
722 3803 798 3885 Ego
814 3801 981 3868 Uuilfrith
997 3800 1178 3884 episcopus
1193 3803 1275 3865 sub-

225 3899 358 3983 scripsi.
408 3903 448 3984 ›1‹
469 3901 546 3985 Ego
571 3900 747 3967 Alduunls
767 3901 949 3986 episcopus
974 3901 1172 3984 subscripsi.
1229 3904 1269 3985 ›1‹

225 3997 302 4081 Ego
318 3997 471 4066 Aluuine
495 4001 677 4086 episcopus
699 4002 897 4085 subscripsi.
954 4004 994 4084 ›1‹
1015 4001 1092 4084 Ego
1109 4001 1275 4069 Forthere

223 4099 405 4185 episcopus
421 4102 620 4184 subscripsi.
651 4104 691 4184 ᾧ
702 4101 779 4184 Ego
790 4098 985 4167 Guthberht
1000 4102 1182 4188 episcopus
1194 4105 1274 4170 sub·

223 4201 356 4285 scripsi.
415 4203 455 4283 ›1‹
475 4201 552 4285 Ego
568 4201 771 4270 Hereuuald
787 4202 968 4286 episcopus
983 4204 1181 4350 subscripsi.

1088 4311 1105 4349 n
