3134 5030
310 428 376 496 ⁶26⁰
565 440 738 492 onauruu
761 438 1102 488 nnomsnxonicnn.

312 601 470 667 omnibus
485 599 529 664 ad
544 619 582 663 se
592 597 692 663 bonis
704 597 968 680 pertinentibus,
979 593 1227 679 perpetualiter
1241 595 1285 659 ad
1300 594 1368 659 ha-

314 701 475 777 bendum,
495 698 739 784 possidendum
765 704 870 780 atque
896 695 1077 762 fruendum
1102 696 1235 760 tamdiu
1261 715 1368 779 quam

316 801 560 867 christianitas
587 800 625 863 in
657 799 726 863 ista
758 806 961 880 permaneat
995 796 1145 878 regione.
1207 793 1372 860 Liberam

315 921 453 987 qnoque
469 908 597 965 terram
618 900 722 963 istam
736 898 887 962 concedo
901 898 946 962 ab
965 898 1118 961 omnium
1140 883 1372 961 saecularium

315 1022 429 1076 rerum
444 1000 616 1083 operibns,
631 1018 672 1062 ac
681 999 848 1063 tributum
862 998 1034 1074 oneribus,
1048 1004 1153 1079 atque
1166 1003 1373 1061 exactorum

316 1101 545 1178 conflictione,
572 1099 727 1182 exceptis
749 1098 815 1175 his,
839 1097 1059 1180 expeditione
1083 1104 1119 1162 et
1144 1097 1261 1180 pontis
1287 1116 1373 1160 con-

317 1201 518 1278 structione,
544 1207 580 1264 et
608 1198 784 1282 singulare
811 1198 981 1281 praetium
1010 1197 1115 1275 foras,
1143 1197 1296 1280 nihilque
1324 1197 1371 1260 ad

317 1320 465 1386 poenam
488 1300 651 1364 resoluat.
703 1297 796 1364 Acta
810 1305 864 1362 est
877 1305 993 1362 autem
1007 1297 1093 1362 haec
1114 1297 1255 1362 donatio
1276 1316 1372 1362 anno

318 1402 509 1469 dominicae
538 1399 787 1464 incarnationis
817 1392 1029 1463 Dccoxlnlw.
1075 1397 1270 1463 Indictione
1307 1415 1373 1462 v11.

319 1503 373 1567 his
400 1501 546 1567 testibus
570 1499 863 1564 consentientibus
894 1517 935 1562 ac
963 1498 1203 1576 scribentibus,
1229 1499 1265 1561 in
1291 1499 1374 1562 uico

319 1602 552 1679 celeberrimo,
576 1600 637 1681 qui
664 1606 812 1664 uocatur
837 1597 1090 1676 Tomoworbin,
1112 1618 1258 1682 qnorum
1279 1597 1375 1662 infra

319 1704 514 1786 liquescunt
542 1699 724 1766 uocabula.
787 1698 826 1762 Si
851 1699 927 1781 quis
955 1706 1071 1763 autem
1096 1698 1186 1762 hanc
1216 1705 1374 1763 nostram

320 1801 543 1868 donatiouem
578 1819 717 1882 angere,
750 1817 902 1876 seruare,
930 1799 988 1862 nel
1016 1798 1181 1863 adiuuare
1212 1799 1374 1877 uoluerit,

320 1909 448 1985 augeat
473 1901 690 1983 omnipotens
713 1898 799 1963 dens
823 1899 897 1963 dies
919 1918 1001 1963 snos
1023 1906 1060 1964 et
1083 1900 1176 1964 bona
1200 1899 1256 1963 hic
1277 1907 1314 1964 et
1335 1901 1374 1964 iu

320 2002 449 2068 futuro.
500 2001 539 2066 Si
551 2001 629 2084 quis
650 2005 779 2077 antem,
794 1999 887 2081 quod
911 2018 980 2064 uon
1002 2007 1175 2082 optamus,
1196 2001 1234 2063 in
1256 1999 1376 2084 aliquo

321 2103 481 2185 frangere
506 2101 564 2168 uel
585 2101 738 2166 minuere
760 2100 994 2183 temptauerit,
1019 2099 1108 2163 sciat
1139 2119 1177 2163 se
1205 2106 1286 2164 ante
1314 2101 1376 2163 tri-

321 2204 428 2268 bunal
452 2200 582 2268 Christi
608 2201 777 2265 rationem
806 2199 1030 2277 redditurum,
1059 2207 1164 2282 atque
1193 2220 1216 2264 a
1243 2199 1309 2264 deo
1340 2207 1377 2264 et

323 2304 481 2369 omnibus
504 2301 577 2366 eius
600 2300 729 2365 sanctis
752 2300 914 2377 alienum,
930 2300 997 2363 nisi
1010 2307 1113 2364 antea
1138 2299 1193 2364 hic
1215 2320 1294 2364 cum
1317 2320 1378 2365 sa·

323 2404 517 2468 tisiactione
533 2401 777 2466 emendauerit.
831 2398 901 2464 Pro
916 2399 1017 2464 huius
1032 2399 1167 2466 telluris
1188 2401 1375 2466 donatione

322 2505 381 2569 ille
403 2503 585 2586 episcopus
607 2509 643 2566 ot
665 2501 738 2566 eius
761 2499 893 2564 familia
915 2500 998 2563 mihi
1019 2500 1188 2566 dederunt
1209 2518 1276 2566 xii.
1301 2521 1376 2566 ma-

323 2611 445 2669 nentes
468 2603 503 2666 bi
528 2601 718 2685 Gythinge‚
737 2601 773 2666 in
797 2608 999 2683 perpetuam
1023 2600 1271 2667 haereditatem
1292 2621 1376 2684 pos-

324 2703 514 2781 sidendum,
528 2702 582 2766 his
597 2702 743 2768 testibus
757 2701 1062 2766 consentientibus.

380 2803 511 2886 >14Ego
528 2801 710 2880 coenuulf,
736 2821 799 2866 rex
821 2801 1042 2879 Merciornm,
1067 2802 1157 2866 hanc
1178 2821 1287 2866 meam
1310 2801 1375 2866 do-

324 2905 500 2968 natiouem
526 2903 625 2986 signo
659 2909 801 2968 sanotae
830 2902 945 2966 crucis
973 2903 1186 2968 confirmaui.
1241 2904 1280 2985 ›1‹
1296 2903 1374 2985 Ego

324 3002 489 3088 Aelfbryb
505 3004 626 3086 regina
640 3003 800 3067 consensi
810 3009 846 3067 et
856 3002 1055 3085 subscripsi.
1112 3003 1151 3084 ›1‹
1167 3002 1380 3085 EgoAldulf

324 3106 505 3189 episcopus
520 3103 679 3167 consensi
690 3110 725 3168 et
736 3103 934 3185 subscripsi.
992 3104 1031 3185 ›1‹
1046 3104 1122 3185 Ego
1139 3103 1378 3168 Uuerenberht

325 3205 507 3287 episcopus
521 3203 690 3267 consensi.
735 3203 774 3284 ›1‹
790 3202 866 3284 ugo
882 3202 1104 3268 Heardberht
1117 3205 1201 3269 dux.
1244 3204 1377 3286 >14Ego

326 3303 526 3370 Deneberbt
538 3304 720 3386 episcopus
734 3301 904 3367 consensi.
962 3303 1001 3384 ›1‹
1017 3303 1092 3386 Ego
1112 3303 1269 3368 Beornoii
1289 3303 1376 3368 dux.

330 3405 462 3487 ›1⁴Ego
489 3403 628 3486 Eadgar
652 3403 832 3486 presbiter.
900 3403 939 3484 ›1‹
957 3402 1033 3485 Ego
1061 3403 1181 3487 Sigred
1206 3404 1374 3469 minister.

331 3507 370 3588 ›1‹
387 3505 464 3588 Ego
492 3504 688 3586 Uuigberht
716 3502 896 3587 presbiter.
967 3504 1006 3585 ›1‹
1023 3502 1100 3586 Ego
1124 3504 1289 3570 Eadwulf
1309 3505 1373 3568 mi·

326 3607 446 3674 nister.

788 3714 909 3728 ..ψ-Ρ-

772 3833 926 3904 CCVII.

658 3950 941 4058 eonnnuns,
963 3977 1039 4052 sn.

382 4105 421 4186 ›1‹
436 4101 482 4167 Iit
506 4101 643 4168 nomine
665 4101 701 4169 di
720 4103 845 4168 summi
897 4104 1012 4186 Igitur
1036 4121 1128 4168 anno
1153 4103 1238 4168 dirce
1261 4103 1382 4169 incar-

328 4203 481 4268 nationis
504 4217 682 4268 noooxnn
706 4203 805 4290 regni
824 4223 908 4268 uero
920 4204 972 4268 nii
986 4223 1008 4268 a
1022 4201 1067 4267 do
1090 4204 1243 4269 concessi
1265 4219 1379 4269 xuni.
