3188 5032
318 388 385 454 138
573 401 747 452 cunnrnn
769 400 1113 452 succosixourcin.

321 562 385 628 tibi
401 562 566 627 Bardulso
585 582 662 627 meo
681 561 880 626 fidelissimo
901 559 1059 625 ministro
1079 567 1185 644 atque
1202 560 1377 644 episcopo,

322 672 403 729 tuae
428 663 588 747 petitioni
617 682 797 728 assensum
821 662 978 746 praebui,
1006 681 1085 726 eum
1114 681 1288 728 consensu
1309 663 1376 726 sci-

323 764 405 828 licet
430 764 618 828 uenerandi
642 763 892 847 archicpiscopi
916 761 1120 840 Genherhti,
1143 763 1203 846 qui
1231 763 1315 826 mihi
1338 763 1387 838 in,
1454 753 1458 760 ’

319 865 478 929 omnibus
492 883 594 928 carus
608 871 674 943 est,
690 884 825 929 necnon
838 870 874 928 ct
888 862 1083 946 principum
1097 883 1265 940 meorum,
1274 863 1374 928 trado

319 971 449 1029 terram
478 965 572 1028 intra
601 965 735 1030 castelli
762 964 897 1028 moenia
927 964 1217 1047 supranominati,
1246 963 1281 1026 id
1320 970 1375 1028 est

319 1064 677 1143 Hrofescestri‚unum
685 1065 837 1130 uiculum
847 1084 924 1130 cum
933 1064 1068 1128 duobus
1079 1064 1267 1147 iugeribus,
1278 1063 1374 1128 adia·

318 1172 454 1229 centem
468 1166 606 1247 plateae
621 1184 711 1248 quac
733 1165 900 1240 terminus
922 1184 944 1230 a
964 1164 1105 1228 meridie
1126 1163 1229 1228 huius
1249 1169 1374 1242 terrae,

318 1285 423 1348 quam
436 1265 501 1330 tihi
513 1265 616 1330 modo
640 1267 678 1329 in
699 1266 874 1349 praesenti
896 1264 1140 1348 possidendam
1162 1264 1373 1330 habendam-

319 1386 399 1448 que,
414 1373 450 1430 et
462 1367 654 1448 cuicunque
669 1365 865 1430 uolueriste
874 1367 1014 1430 uiuente
1024 1383 1086 1429 seu
1102 1366 1281 1442 moriente,
1290 1364 1374 1430 dare

318 1466 540 1531 aeternaliter
555 1466 720 1550 perdono.
772 1466 810 1530 Si
823 1467 901 1548 quis
917 1473 1032 1531 autem
1046 1464 1136 1530 hanc
1149 1465 1372 1531 donationem

317 1585 430 1630 meam
444 1565 562 1631 inuido
576 1567 808 1650 maliuoloque
816 1566 1004 1649 infringere
1014 1567 1237 1648 temptauerit
1245 1565 1373 1644 animo,

316 1667 364 1731 sit
378 1674 560 1750 separatus
573 1666 611 1731 in
623 1667 689 1732 hoc
703 1667 843 1732 saeculo
857 1687 881 1731 a
894 1667 1160 1751 participatione
1169 1666 1323 1749 eorporis
1337 1673 1373 1730 et

259 1845 262 1850 Ι
318 1767 497 1849 sanguinis
511 1766 642 1831 domini
664 1768 774 1832 nostri
797 1767 903 1840 Ihesu
925 1767 1067 1844 Christi,
1092 1767 1185 1831 etin
1209 1765 1327 1831 futuro
1350 1785 1373 1831 a

316 1872 419 1930 coetu
436 1868 588 1932 omnium
604 1872 803 1931 sanctorum
825 1874 1042 1951 segregatus,
1062 1867 1130 1930 nisi
1152 1873 1258 1931 antea
1271 1885 1369 1930 suam

317 1967 632 2050 praesumptionem
645 1967 751 2048 digna
766 1967 1003 2032 satisfactione
1013 1966 1215 2045 correxerit,
1230 1986 1371 2031 manen-

317 2072 388 2129 tem
409 2067 499 2131 hanc
519 2066 695 2132 kartulam
708 2067 745 2132 in
760 2086 825 2132 sua
838 2086 974 2151 semper
987 2067 1189 2132 stabilitate.
1241 2067 1371 2149 Supra·

315 2166 479 2249 scriptam
492 2166 715 2232 donationem
728 2186 840 2232 meam
854 2168 956 2249 signo
967 2173 1109 2232 sanctae
1119 2166 1231 2231 crucis
1241 2165 1370 2232 Christi

315 2266 519 2331 confirmare
534 2268 674 2346 curabo,
694 2273 729 2332 et
748 2267 835 2331 alios
848 2259 1030 2350 religiosos
1042 2267 1137 2331 uiros
1152 2275 1192 2332 ut
1206 2274 1243 2331 et
1256 2267 1369 2350 ipsum

316 2375 460 2450 agerent
474 2367 627 2445 adhibui,
642 2387 788 2451 quorum
803 2368 944 2432 nomina
957 2388 1036 2432 cum
1049 2366 1238 2450 signaculis
1260 2367 1369 2432 domi·

315 2468 415 2540 nicae
437 2469 548 2532 crucis
567 2468 661 2533 intra
685 2475 859 2532 tenentur.
910 2466 1041 2533 Actum
1063 2487 1155 2532 anno
1178 2461 1370 2533 dominicae

315 2568 563 2635 incarnationis
577 2585 734 2633 nccnxv.

318 2697 321 2703 r
369 2670 410 2749 ›1‹
427 2668 504 2750 Ego
520 2669 749 2752 Egcberhtns‚
771 2688 835 2734 rex
858 2666 1016 2746 Cantiae,
1036 2667 1126 2733 hane
1146 2667 1369 2732 donationem

314 2786 427 2831 meam
442 2769 543 2851 signo
557 2775 700 2833 sanctae
720 2768 832 2832 crucis
855 2771 1019 2834 roborare
1041 2769 1181 2834 curabo.
1239 2770 1278 2850 ›1‹
1293 2768 1370 2851 Ego

314 2865 567 2952 Gengberhtns
594 2868 711 2951 gratia
742 2868 799 2932 dei
832 2869 1110 2954 archiepiscopus
1138 2869 1299 2933 consensi
1334 2875 1371 2934 et

313 2969 513 3051 subscripsi.
569 2970 608 3050 ›1‹
626 2969 702 3050 Ego
726 2968 911 3034 Badenoth
938 2971 1121 3053 episcopus
1149 2969 1311 3033 consensi
1332 2976 1371 3033 et

314 3068 513 3151 subscripsi.
580 3069 621 3151 ›1‹
635 3069 781 3151 Signum
816 3088 940 3136 manus
980 3070 1096 3135 Uban.
1161 3070 1200 3150 ›1‹
1220 3068 1366 3150 Signum

312 3186 436 3231 manus
465 3169 581 3234 Udan.
639 3170 678 3250 ›1‹
699 3169 845 3252 Signum
873 3188 997 3235 manus
1022 3168 1177 3235 Aldhun.
1234 3169 1368 3252 ›11Sig-

314 3287 398 3331 num
422 3287 545 3332 manns
572 3268 742 3334 Uuilheri.
799 3269 838 3349 ›1‹
856 3269 1000 3351 Signum
1022 3289 1145 3334 manus
1160 3269 1367 3334 Uualhardi.

318 3367 359 3449 >1⁴
375 3368 519 3451 Signum
533 3388 657 3433 manus
673 3369 831 3455 Tymbel.
889 3370 1090 3453 ›14'Sigmum
1109 3389 1232 3433 manus
1251 3369 1365 3434 Coen-

311 3468 436 3534 herhti.
492 3471 531 3550 ›1‹
549 3469 693 3551 Signum
702 3489 826 3535 manus
842 3470 1022 3536 Balhardi.
1077 3472 1118 3551 ›1‹
1135 3470 1280 3553 Signum
1291 3489 1365 3534 ma·

311 3588 376 3632 nus
391 3567 611 3634 Aethelnodi.

368 3678 566 3760 Confirmatio
581 3678 750 3742 Heaberbti
763 3681 843 3764 repis
859 3679 996 3744 Contine.

367 3774 406 3854 ›1‹
422 3772 498 3854 Ego
522 3772 745 3837 Heaberhtus
766 3793 832 3856 ¹rex
854 3772 1000 3839 Cantiae
1022 3772 1123 3838 testis
1146 3774 1306 3838 consensi
1329 3781 1364 3838 et

312 3872 511 3955 subscripsi.
585 3874 624 3954 ›1‹
645 3873 721 3956 Ego
760 3871 974 3937 Aldberhtns
1017 3874 1124 3937 abbas
1163 3874 1362 3956 subscripsi.

318 3972 357 4051 ›1‹
382 3971 527 4054 Signum
555 3992 677 4036 manus
708 3973 805 4036 Esni.
863 3974 902 4053 ›1‹
924 3973 1067 4056 Signum
1095 3992 1220 4037 manus
1249 3974 1365 4038 Bado-

263 4155 266 4161 Ι
313 4068 424 4134 hardi.
481 4075 520 4154 ›1‹
540 4071 683 4154 Signum
706 4072 1010 4137 manusTidheah.
1067 4074 1106 4154 ›1‹
1123 4073 1268 4156 Signum
1292 4093 1365 4137 ma-

312 4188 377 4234 nus
389 4171 589 4238 Baldhordi.
646 4175 685 4255 ›1‹
699 4173 845 4256 Signum
855 4193 979 4238 manus
989 4173 1189 4250 Eadberhti.
1233 4175 1272 4255 ›1‹
1285 4174 1364 4256 Sig-
