3188 5032
489 460 661 508 susurru
683 460 1024 510 nucnosnxourcnn.
1183 453 1188 464 ’
1240 449 1285 516 69

228 644 314 709 pora
325 626 651 704 tractare,uiuentes
662 623 822 710 gloriose.
839 625 929 693 Sane
942 625 1214 710 quoniamcarta
1224 645 1282 692 ca·

229 733 355 789 taxata
367 728 536 805 subsistit,
552 728 643 809 qnod
660 747 701 792 os
716 727 813 792 fatur
824 729 960 804 transit,
974 733 1157 810 propterea
1170 723 1278 809 insig'-

229 826 303 888 nire
316 828 493 909 perplacet
507 829 598 910 quod
612 827 771 892 uolumus
785 828 921 892 cuidam
936 834 1054 891 nostro
1065 826 1158 890 fideli
1171 829 1282 892 amico

230 933 264 988 et
272 927 428 1008 pontifici
439 927 620 1009 Ecguuino
630 929 802 1010 quandam
813 936 948 1011 partem
962 934 1074 990 terrae
1083 926 1282 1006 concedere,

229 1025 264 1087 id
279 1033 333 1088 est
346 1027 503 1092 bissenos
517 1047 621 1109 agros
637 1047 740 1110 quam
758 1028 892 1092 incolae
906 1028 1049 1091 huiusce
1064 1027 1214 1108 regionis
1230 1029 1281 1091 sic

229 1127 385 1192 uocitant
396 1125 466 1191 Aet
477 1127 710 1210 Ulenbeorge3
726 1146 830 1210 quam
844 1147 866 1192 a
879 1147 933 1191 me
945 1127 1075 1209 placita
1085 1126 1280 1191 obedientia

228 1224 401 1309 dignoque
415 1226 526 1292 officio
540 1229 741 1310 impetrauit
754 1236 859 1310 atque
871 1235 971 1310 grato
983 1227 1278 1309 adquisiuitprae·

228 1325 288 1402 tio,
304 1326 464 1392 donando
486 1347 632 1410 pensum
649 1328 756 1392 librae
775 1329 850 1392 auri
864 1328 1039 1410 purissimi
1053 1326 1144 1408 quod
1168 1344 1280 1408 aequa

227 1424 326 1489 lance
341 1427 547 1491 trutinatum
568 1427 796 1511 ponderatum
810 1448 878 1510 que
893 1428 1112 1511 praecipuum
1131 1425 1281 1491 reddidit
1390 1447 1393 1454 ·

228 1518 408 1591 talentum.
460 1526 668 1592 Tribuamus
697 1528 749 1591 illi
777 1530 822 1592 ob
846 1528 1047 1592 beneficium
1070 1544 1154 1589 snae
1181 1545 1278 1592 reue-

226 1625 372 1703 rentiae,
391 1633 431 1690 ut
451 1628 498 1690 sit
511 1627 573 1690 illa
594 1635 687 1691 terra
708 1628 817 1692 libera
839 1629 882 1692 ab
905 1627 1124 1709 expeditione
1139 1632 1174 1688 et
1190 1627 1279 1690 arcis

226 1726 484 1790 constructione
507 1733 543 1790 et
563 1729 680 1809 pontis
704 1728 953 1792 renouatione:
978 1734 1013 1790 et
1034 1733 1115 1809 post
1136 1726 1278 1808 eclipsin

225 1823 329 1888 huius
343 1825 495 1890 fallentis
510 1827 604 1891 uitae
619 1827 835 1910 derelinquat
849 1829 886 1890 in
900 1828 1065 1892 coenobio
1080 1825 1172 1908 quod
1194 1846 1278 1890 con·

225 1926 357 1990 struxit
369 1927 405 1990 in
419 1927 584 1991 honorem
599 1935 741 1992 sanctae
751 1928 885 1992 Mariae
898 1935 957 1991 aet
969 1926 1131 2004 Homrue,
1146 1945 1209 2008 pro
1224 1944 1278 1990 re-

225 2024 420 2107 demptione
434 2028 626 2091 animarum
637 2037 845 2105 nostrarum,
859 2035 898 2091 ut
908 2027 1010 2091 simul
1020 2045 1156 2089 sumere
1166 2026 1202 2088 in
1216 2045 1278 2089 ex-

225 2131 335 2189 tremo
358 2128 517 2192 examine
536 2129 714 2192 ualeamus
737 2135 925 2212 perpetuae
943 2127 1066 2190 salutis
1089 2126 1279 2204 denarium,

223 2233 400 2290 crescente
424 2247 563 2292 corona.
616 2228 752 2310 Siquis
778 2235 895 2292 autem
918 2228 1008 2290 hanc
1031 2233 1186 2291 nostram
1215 2226 1278 2290 do-

226 2327 400 2389 nationem
416 2345 437 2390 a
451 2328 550 2390 nobis
565 2327 729 2391 traditam
742 2328 929 2408 infringere
947 2327 1180 2408 temptauerit,
1195 2345 1278 2388 con‹

227 2423 358 2506 fringat
372 2424 456 2488 deus
471 2446 616 2507 regnum
631 2434 666 2490 et
681 2429 873 2510 potentiam
887 2427 961 2489 eius
976 2432 1012 2488 et
1033 2425 1088 2488 hic
1111 2432 1146 2488 et
1163 2425 1200 2487 in
1222 2424 1277 2489 su·

226 2531 307 2587 ¹turo
324 2526 476 2602 sacculo,
499 2533 535 2589 ct
552 2533 660 2608 ponat
674 2533 808 2610 partem
830 2525 922 2590 illius
944 2543 1022 2588 cum
1041 2523 1131 2588 Iuda
1148 2523 1278 2588 infideli

224 2624 404 2690 traditore.
449 2625 487 2688 Si
497 2626 575 2708 quis
587 2633 703 2690 autem
718 2626 889 2690 seruando
902 2643 1030 2706 augere
1044 2624 1203 2700 uoluerit,
1215 2641 1278 2687 au·

227 2731 309 2806 geat
324 2725 409 2789 deus
428 2732 562 2808 partem
580 2726 675 2789 illius
696 2746 774 2790 cum
801 2725 891 2789 fideli
914 2727 1049 2788 latrone
1073 2724 1132 2806 qui
1154 2724 1279 2788 meruit

226 2824 357 2903 audire,
375 2824 492 2890 Hodie
507 2845 640 2890 mecum
654 2828 721 2890 eris
735 2827 773 2890 in
787 2825 960 2910 paradiso.
994 2822 1087 2888 Acta
1096 2831 1178 2887 sunt
1192 2823 1277 2888 haec

225 2943 318 2988 anno
343 2926 534 2990 dominicae
555 2927 804 2992 incarnationis
827 2939 990 2990 occvuu.
1004 2924 1191 2988 indictione
1206 2935 1275 2988 1111.

227 3023 280 3087 his
302 3027 448 3089 testibus
470 3028 765 3092 consentientibus
780 3045 930 3111 qnorum¹
950 3025 1091 3091 nomina
1104 3023 1195 3088 infra
1217 3043 1275 3088 ca-

229 3134 355 3190 raxata
369 3145 444 3191 esse
460 3127 633 3192 uidentur.

282 3226 321 3305 ›1‹
333 3226 409 3309 Ego
422 3226 598 3291 Comedus
613 3247 676 3292 rex
688 3227 900 3292 Marciorum·
908 3227 998 3290 hanc
1011 3224 1204 3308 praefatam
1215 3224 1276 3287 do·

223 3327 399 3390 nationem
427 3328 491 3389 sub
520 3328 634 3410 sigillo
664 3329 765 3409 agiae
792 3329 904 3391 crucis
933 3327 1080 3391 donaui.
1139 3327 1180 3406 ›1‹
1199 3324 1276 3406 Ego

226 3425 476 3488 Britlruualdus
499 3427 776 3510 archiepiscopus
790 3427 827 3489 in
842 3428 980 3491 nomine
1002 3432 1144 3489 sanctae
1166 3424 1276 3486 etin·

223 3525 385 3589 diuiduae
399 3523 582 3591 Trinitatis
597 3527 828 3591 corroboraui.
886 3528 925 3607 ›1‹
940 3526 1016 3606 Ego
1031 3522 1172 3588 Geadda
1187 3523 1277 3603 cpis-

224 3641 332 3708 copus
361 3627 531 3690 consensi.
609 3629 648 3708 ›1‹
675 3625 751 3708 Ego
779 3624 876 3690 Acca
897 3626 1078 3707 episcopus
1106 3623 1276 3686 consensi.

231 3724 270 3807 ›1‹
307 3725 384 3808 Ego
421 3725 623 3807 Ecguuinus
660 3726 842 3809 episcopus
886 3725 1056 3789 consensi.
1127 3723 1166 3802 ›1‹
1200 3721 1277 3802 Ego

224 3822 430 3889 Aldhelmus
451 3826 633 3908 episcopus
657 3828 827 3890 consensi.
898 3827 937 3906 ›1‹
960 3825 1036 3906 Ego
1061 3820 1279 3903 lnguualdus

223 3926 408 4008 ¹episcopus
421 3927 593 3990 consensi.
650 3929 689 4008 ›1‹
711 3927 789 4008 Ego
811 3925 998 3990 Ceolredus
1022 3943 1084 3986 rex
1106 3923 1275 3986 consensi.

229 4027 268 4106 ›1‹
294 4025 370 4106 Ego
394 4023 636 4090 Aethilbaldus
660 4045 723 4089 rex
745 4026 916 4090 consensi.
982 4026 1021 4105 ›1‹
1051 4023 1127 4104 Ego
1141 4020 1277 4086 Aethil-

223 4125 351 4188 hardus
366 4142 429 4189 rex
444 4127 615 4190 consensi.
666 4125 705 4208 ›1‹
726 4125 802 4208 Ego
820 4122 1089 4190 Aethiluuardus
1106 4119 1278 4187 consensi.

178 4279 181 4286 .
226 4227 267 4307 ›1‹
282 4225 358 4308 Ego
370 4224 542 4291 Aethilric
558 4217 738 4308 aebeling.l
775 4229 815 4309 »χε
833 4225 911 4307 Ego
926 4223 1105 4290 Osuuudu.
1146 4219 1277 4306 ›14Ego

633 4368 642 4404 ¹
658 4369 714 4420 MS.
728 4364 856 4422 Esselscic.
