3112 5032
331 401 397 470 176
585 414 757 462 cururnu
780 413 1122 462 Anonosnxomcan.

331 581 460 635 narem.
514 570 666 652 Ideoque
682 590 747 653 ego
769 579 804 635 et
819 568 992 635 Aldredus
1016 568 1221 650 subregulus
1239 564 1383 630 Huiccia

331 691 430 736 orum
455 669 492 733 in
515 691 694 734 commune
708 691 771 755 pro
786 671 924 735 domino
949 667 1177 750 omnipotenti
1192 675 1227 731 et
1240 686 1304 748 pro
1324 685 1380 728 ae-

331 778 431 835 terna
452 770 564 833 salute
588 771 724 834 animae
747 779 897 847 nostrae,
914 778 1040 834 terram
1062 768 1115 832 bis
1138 768 1261 850 quinas
1284 775 1382 827 man-

332 871 448 933 siones
464 869 658 948 habentem,
672 871 707 934 id
722 878 775 934 est
790 871 905 933 uicum
914 870 975 952 qui
989 867 1187 931 nominatur
1202 873 1259 930 aet
1269 864 1383 928 Geate

331 969 375 1037 ud
398 969 643 1033 monasterium
664 970 756 1052 quod
785 969 923 1054 proprie
951 973 1173 1049 nuncupatur
1203 973 1260 1029 aet
1282 963 1381 1029 wio-

331 1087 442 1152 gorna
459 1075 592 1132 ceastre
615 1077 650 1134 et
674 1070 718 1133 ed
744 1069 946 1133 aecclesiam
965 1069 1088 1131 beatae
1104 1065 1239 1129 Mariae
1261 1064 1384 1128 matris

330 1168 461 1236 domiui
492 1187 581 1249 quae
608 1168 656 1232 ibi
686 1168 832 1233 lundata
858 1176 923 1245 est,
952 1167 1099 1232 libenter
1132 1165 1170 1227 in
1198 1164 1384 1228 aeclesias-

330 1268 435 1332 ticam
459 1267 710 1350 possessionem
731 1268 899 1332 donantes
923 1266 1152 1341 concedimus,
1176 1263 1294 1326 eadem
1320 1283 1387 1345 per·

331 1369 447 1432 omnia
460 1366 632 1431 libertatis
647 1368 778 1432 ditione
793 1368 830 1431 in
846 1367 998 1431 eiusdem
1014 1364 1202 1429 aecclesiae
1215 1364 1290 1426 iure
1304 1361 1381 1445 per-

330 1466 549 1543 manendam,
572 1486 641 1548 qua
667 1467 809 1531 eandem
847 1466 1047 1531 aecclesiam
1071 1461 1293 1528 Aebilbaldus
1320 1482 1383 1525 rex

332 1586 399 1630 auo
421 1585 498 1629 meo
521 1566 671 1629 Eanulfo
699 1567 924 1649 conscripsit3
961 1566 995 1629 id
1019 1571 1133 1629 estut
1162 1564 1199 1626 in
1224 1562 1386 1625 omnibus

331 1665 446 1730 causis
476 1666 611 1746 magnis
640 1674 675 1730 et
702 1667 845 1748 modicis
871 1667 979 1730 libera
1004 1672 1039 1729 et
1067 1665 1272 1727 inconcussa
1305 1681 1382 1745 per-

332 1771 473 1828 maneat
504 1766 671 1846 usquein
696 1767 883 1843 saeculum,
912 1765 1045 1828 tamdiu
1073 1764 1157 1827 fides
1185 1760 1384 1825 Christiana

332 1865 424 1930 inter
440 1861 575 1945 Anglos
599 1865 636 1927 in
658 1865 832 1929 Brittania
851 1871 991 1928 maneat
1013 1863 1129 1928 soluta
1155 1862 1200 1924 sit
1222 1862 1266 1924 ab
1289 1862 1383 1924 omni

334 1965 370 2027 ui
400 1984 520 2046 regum
548 1970 583 2027 et
614 1963 806 2047 principum
847 1972 882 2030 et
916 1963 1130 2027 subditorum
1161 1961 1313 2042 ipsorum
1345 1959 1383 2023 in

333 2083 468 2129 summo
483 2062 690 2126 dei'nomine
701 2064 940 2146 praecipimus
985 2062 1036 2126 Ut
1050 2061 1135 2126 haec
1149 2059 1384 2123 munificentia

332 2171 452 2228 nostra
476 2182 538 2244 pro
564 2161 703 2226 Christo
729 2182 894 2228 concessa
916 2181 957 2226 eo
979 2161 1128 2225 firmiore
1149 2159 1383 2223 stabilimento

330 2262 577 2346 perpetualiter
603 2270 817 2345 permaneat,
854 2263 994 2327 testium
1027 2268 1061 2325 et
1095 2259 1382 2324 consentientium

331 2363 569 2445 episcoporum
589 2363 753 2426 abbatum
776 2381 817 2426 ac
844 2362 1036 2446 principum
1061 2366 1257 2422 nostrorum
1281 2359 1384 2439 signa

331 2469 368 2526 et
394 2462 534 2528 nomina
555 2461 591 2525 in
613 2461 678 2526 hac
701 2463 835 2528 cartula
857 2459 1044 2526 testimonii
1074 2456 1164 2522 infra
1191 2459 1383 2542 perscripta

333 2561 500 2626 adnotare
514 2562 722 2626 curauimus.

387 2663 427 2743 ›1‹
445 2661 522 2744 Ego
553 2661 632 2726 Offa
661 2661 800 2726 domino
830 2662 1038 2725 concedente
1067 2679 1130 2724 rex
1160 2657 1381 2734 Marciorum,

331 2761 412 2825 huic
426 2761 604 2825 donationi
619 2768 771 2839 nostrae,
793 2781 856 2843 pro
872 2762 1002 2825 maiore
1016 2760 1190 2835 firmitate,
1214 2757 1383 2822 uexillum

330 2861 444 2926 crucis
461 2859 592 2925 Christi
605 2862 745 2944 propria
767 2879 873 2924 manu
895 2861 1053 2943 inpressi.
1110 2860 1149 2939 ›1‹
1165 2857 1242 2938 Ego
1256 2855 1383 2920 Aldre-

331 2959 398 3024 dns
418 2959 474 3024 dei
497 2960 588 3023 dono
605 2961 810 3042 subregulus
826 2959 1087 3035 Huuicciorum,
1113 2956 1204 3020 hanc
1224 2956 1382 3021 donatio·

329 3079 411 3124 nem
425 3067 580 3124 nostram
592 3060 762 3137 muniens,
779 3060 916 3140 signum
937 3057 1136 3122 salutiferae
1151 3056 1263 3119 crucis
1278 3075 1381 3119 cunc·

331 3159 378 3222 tis
403 3157 562 3241 gentibus
584 3159 724 3241 inpono,
782 3160 821 3239 ›1‹
839 3158 915 3239 Ego
931 3155 1149 3221 Eadberhtus
1166 3154 1305 3219 Christo
1319 3155 1381 3218 do-

330 3257 424 3322 mino
448 3259 656 3322 concedente
676 3259 870 3340 episcopus,
885 3257 939 3321 his
953 3257 1054 3320 dictis
1077 3254 1237 3319 consensi
1252 3261 1286 3318 et
1300 3256 1381 3318 sub-

330 3357 465 3441 scripsi.
522 3360 570 3440 '›1‹
586 3358 662 3439 Ego
690 3356 914 3422 Berhthunus
944 3358 1009 3421 deo
1038 3362 1074 3419 et
1101 3362 1202 3438 patre
1229 3354 1381 3418 donante

331 3458 481 3542 praesul,
505 3457 560 3521 his
585 3457 725 3521 statutis
748 3457 971 3544 consensilet
994 3455 1192 3537 subscripsi.
1249 3458 1287 3536 ›1‹
1305 3454 1382 3536 Ego

331 3557 510 3623 (leolulfus
524 3557 639 3639 gratia
647 3556 702 3620 dei
716 3557 938 3640 permittente
950 3557 1108 3633 antistes
1120 3555 1174 3618 his
1189 3555 1290 3618 rebus
1299 3573 1382 3618 con-

330 3658 434 3723 sensi.
492 3659 531 3738 ›1‹
549 3657 625 3739 Ego
654 3657 814 3720 Tilherus
842 3656 1159 3740 praedestinatione
1188 3653 1292 3718 dante
1325 3673 1382 3717 sa-

331 3758 464 3834 cerdos,
487 3756 540 3820 his
563 3755 676 3821 causis
698 3757 868 3820 consensi.
926 3758 965 3838 ›1‹
983 3756 1059 3837 Ego
1083 3752 1296 3819 Aldberhtus
1319 3753 1381 3816 do-

332 3857 425 3921 mino
442 3857 613 3920 tribuente
630 3855 817 3920 aecclesiae
838 3855 1009 3939 pontifex,
1031 3855 1085 3919 his
1101 3855 1200 3919 donis
1224 3855 1383 3918 consensi

329 3963 369 4020 et
383 3956 581 4040 subscripsi.
639 3957 677 4035 ›1‹
695 3955 839 4037 Signum
876 3975 998 4019 manus
1030 3954 1197 4019 Botuuini
1235 3952 1381 4017 abbatie.

328 4057 379 4137 ›1‹
397 4056 541 4139 Signum
577 4075 700 4120 manus
738 4055 937 4120 Folcberhti
971 4055 1118 4119 abbatis.
1175 4056 1215 4136 ›1‹
1237 4053 1382 4134 Signum

332 4150 643 4221 manusBrordani
660 4155 836 4239 principis.
893 4158 933 4237 ›1‹
950 4156 1094 4238 Signum
1117 4173 1240 4218 manus
1255 4152 1384 4226 Berht-
