3112 5032
462 454 635 502 curares
657 453 998 502 succoslxomcrn.
1184 437 1250 502 219

612 660 837 727 CLXXXI.

449 835 772 915 DENEBERHT,
796 838 903 901 about
921 834 997 901 802.

255 1010 293 1089 ›1‹
309 1006 467 1072 sircam
483 1027 631 1092 namque
654 1010 804 1074 laueutis
823 1017 980 1093 tempora
997 1010 1137 1072 umbrae
1159 1007 1252 1091 fugi-

198 1114 296 1172 entes
319 1108 485 1174 uelociter
511 1116 664 1188 tranant,
689 1111 854 1192 uarieque
881 1117 1043 1175 euentum
1072 1116 1185 1174 status
1213 1110 1250 1172 in
1366 1103 1371 1110 ’

199 1208 427 1289 cogitationes
440 1208 617 1274 hominum
628 1210 884 1290 conscendunt;
907 1211 985 1274 ideo
1000 1229 1118 1274 omnes
1135 1209 1252 1273 firmas

199 1308 407 1373 statutiones
429 1315 567 1374 nostras
593 1309 786 1375 litterarum
813 1311 900 1376 serie
928 1310 1181 1388 confirmamus,
1207 1329 1250 1374 ne

199 1409 347 1491 posteris
362 1408 490 1473 cadant
504 1428 549 1473 ex
562 1410 727 1474 memoria
737 1410 1014 1494 praecedentium
1035 1411 1173 1474 decreta
1187 1428 1251 1491 pa·

200 1514 312 1588 trum3
337 1507 550 1574 Graecorum
577 1509 706 1574 adhoc
729 1511 852 1576 imbuti
878 1510 1058 1594 exemplis,
1078 1510 1138 1592 qui
1158 1509 1251 1592 quod

155 1663 158 1666 ,
199 1609 287 1672 scire
314 1609 448 1687 uolunt,
471 1610 596 1673 litteris
616 1610 769 1688 tradunt,
787 1631 831 1674 ne
854 1631 900 1674 ex
921 1610 1085 1675 memoria
1101 1610 1250 1674 leuetur.

200 1708 332 1791 Estque
355 1711 455 1774 nobis
478 1729 620 1774 necesse
649 1711 966 1794 praemeditandum
993 1712 1029 1774 in
1052 1709 1252 1791 negabundi

199 1811 410 1893 temporibus
432 1810 573 1890 saecuh‚
596 1812 767 1893 quomodo
790 1812 833 1876 ad
857 1817 1033 1876 aeternam
1052 1809 1252 1875 felicitatem

198 1910 378 1991 peruenire
388 1910 577 1988 ualeamus,
590 1913 674 1994 quia
687 1919 813 1976 cuncta
827 1931 916 1994 quae
929 1912 1090 1975 uidentur
1104 1910 1253 1992 sugitiua

199 2017 281 2074 sunt
301 2029 341 2074 ac
363 2012 505 2088 caduca,
528 2029 616 2094 quae
638 2019 754 2076 autem
776 2033 847 2076 uon
869 2012 1031 2076 uidentur
1055 2011 1253 2094 perenniter

200 2117 281 2175 sunt
292 2112 477 2177 manentia.
531 2110 612 2190 Qua
620 2112 663 2175 de
678 2132 715 2178 re
730 2133 796 2194 ego
806 2111 1047 2177 Daneberhtus
1058 2112 1252 2193 episcopus,

200 2211 244 2274 ob
264 2210 428 2275 honorem
447 2211 503 2275 dei
522 2219 558 2275 et
576 2214 804 2276 reuerentiam
823 2212 1011 2289 hominum,
1030 2209 1164 2274 donans
1189 2211 1251 2274 do·

201 2311 303 2388 nabo,
332 2311 608 2376 cum'consensu
634 2318 669 2376 et
696 2313 893 2376 testimonio
915 2313 1023 2378 totius
1045 2310 1251 2374 uenerabilis

200 2410 350 2474 familiae
372 2412 408 2475 in
432 2412 620 2494 Uuegerna
641 2413 794 2490 ciuitate,
827 2411 1002 2476 Bulthuno
1026 2409 1252 2493 praesbitero,

200 2511 277 2575 uiro
292 2512 382 2576 bono
397 2520 433 2577 et
446 2512 613 2592 modesto,
627 2520 754 2576 terram
770 2529 819 2576 vr.
833 2512 1046 2576 manentium
1068 2517 1126 2574 aet
1142 2511 1250 2588 Bear-

200 2611 318 2675 modes
339 2612 406 2691 lea,
428 2620 468 2676 ut
489 2613 617 2676 habeat
643 2613 775 2677 tamdiu
804 2613 913 2690 uiuat,
944 2619 980 2676 et
1007 2616 1087 2694 post
1115 2629 1152 2674 se
1182 2631 1252 2676 uno

200 2710 349 2789 haeredi,
380 2714 435 2776 cui
464 2713 581 2790 uellet,
611 2714 761 2792 tribuat3
784 2719 865 2796 post
894 2713 984 2776 diem
1015 2717 1130 2775 autem
1158 2710 1252 2774 illius

201 2810 368 2889 haeredis,
383 2813 457 2877 sine
471 2813 685 2877 dissensione
698 2812 816 2895 ahqua
830 2813 915 2876 haec
930 2820 1023 2876 terra
1036 2811 1080 2874 ad
1093 2811 1250 2892 Uueger·

201 2931 342 2975 nensem
356 2912 482 2976 iterum
507 2912 670 2976 reddatur
694 2913 895 2977 aecclesiam
917 2911 996 2976 iude
1019 2918 1100 2974 ante
1122 2910 1251 2975 donata

199 3011 323 3076 suerat.
387 3013 432 3077 Iu
454 3013 523 3077 alio
542 3033 679 3096 quoque
701 3012 778 3077 loco
802 3061 810 3077 .
835 3029 927 3077 vnn.
958 3011 1170 3076 manentium
1192 3009 1252 3074 ubi

201 3112 333 3176 solicoli
368 3120 532 3177 suescunt
561 3113 736 3196 appellare
767 3120 824 3177 aet
849 3112 1101 3177 Collesburnan
1131 3111 1250 3175 eodem

202 3212 378 3277 Balthuno
391 3214 549 3280 similiter
569 3213 737 3278 donantes
759 3214 939 3290 donamus,
965 3219 1005 3277 ut
1027 3212 1118 3276 hanc
1146 3211 1251 3275 etiam

200 3319 328 3376 terrum
348 3313 535 3396 possideat,
557 3321 593 3378 et
616 3319 801 3396 postquam
824 3314 918 3377 iriam
942 3320 1080 3396 patrum
1102 3311 1253 3390 incedat,

200 3413 334 3477 duobus
348 3421 429 3496 post
443 3433 481 3478 se
494 3413 698 3478 haeredibus
713 3414 837 3497 quibus
857 3412 963 3478 uellet
973 3413 1165 3493 relinquat:
1190 3431 1252 3475 ex·

200 3513 296 3595 pleto
317 3515 433 3578 autem
453 3534 556 3578 cursu
574 3515 705 3578 diemm
720 3514 858 3578 illorum
872 3512 1017 3576 duorum
1031 3510 1254 3590 haereduum,

201 3613 287 3680 haec
294 3634 432 3698 quoque
446 3622 540 3678 terra
555 3615 598 3679 ad
619 3622 700 3678 ante
719 3619 941 3678 memoratam
956 3611 1156 3676 aecclesiam
1175 3611 1253 3674 red-

201 3714 314 3779 datur.
368 3715 554 3798 Sciantque
576 3734 695 3780 omnes
714 3715 774 3799 qui
791 3714 881 3778 hanc
903 3713 1072 3778 cartulam
1084 3712 1252 3776 recitans-

201 3820 284 3878 runt
298 3822 338 3878 ut
352 3835 421 3878 non
436 3835 500 3898 ego
515 3815 609 3880 solus
631 3835 743 3899 neque
766 3814 855 3878 hauc
877 3814 1097 3879 donationem
1111 3811 1253 3889 donaui,

201 3933 313 3996 neque
335 3916 429 3979 solus
450 3915 516 3980 hoc
538 3915 714 3981 decretum
738 3914 951 3992 confirmaui,
976 3914 1037 3977 sed
1058 3911 1160 3975 simul
1177 3913 1254 3976 uni-

201 4033 302 4078 uersa
336 4016 558 4098 congregatio
592 4036 725 4080 mecum
754 4014 1011 4096 Uuegernensis
1040 4012 1253 4093 aecclesiae;

202 4117 284 4198 quia
313 4116 490 4197 praelatus
514 4116 573 4181 ille
596 4117 756 4180 sacerdos
786 4114 940 4179 Balthuu
967 4132 1068 4178 carus
1094 4131 1135 4176 ac
1163 4112 1254 4176 fidus

202 4216 332 4281 amicus
356 4217 406 4280 illi
424 4215 690 4300 congregationi
710 4224 774 4296 est,
804 4222 986 4298 rectusque
1010 4213 1102 4278 illius
1121 4213 1270 4278 aeccle--
