3188 5032
298 381 363 447 118
555 396 727 445 cuinriu
751 393 1094 444 auomsixonioau.

300 555 439 634 Teneti,
463 573 528 620 nec
552 574 622 620 uon
644 562 681 621 et
703 556 740 619 in
765 555 976 620 monasterio
999 553 1238 637 apostolorum
1258 551 1357 616 Petri

302 663 339 724 et
354 654 469 734 Pauli,
488 655 581 738 quod
598 663 636 720 tu
656 655 735 738 ipsa
755 676 827 720 non
849 656 953 737 longe
977 675 999 719 a
1017 654 1196 738 praedicto
1217 671 1356 718 monas-

302 756 392 822 terio
409 755 647 834 construxisti,
667 757 771 821 nnius
793 756 894 820 nauis
910 754 1003 838 quod
1015 774 1040 819 a
1055 753 1225 818 Leubrico
1243 771 1355 835 nuper

304 856 417 923 emisti
438 855 615 922 dimidium
631 856 784 938 uectigal
802 863 907 940 atque
928 855 1109 931 tributum,
1128 853 1220 937 quod
1239 871 1354 917 meum

305 962 394 1033 crat,
406 976 470 1038 pro
490 956 620 1022 intuitu
640 975 810 1040 supernae
825 955 1004 1032 mercedis,
1017 961 1054 1020 et
1069 973 1186 1020 amore
1208 971 1355 1018 consan-

306 1055 487 1138 guinitatis
510 1057 692 1139 religiosae
707 1057 904 1123 abbatissae
919 1054 1123 1132 Miidmdae,
1138 1053 1237 1120 cinus
1250 1071 1354 1118 uene·

306 1156 414 1223 rabdo
434 1175 561 1239 corpus
586 1176 608 1221 a
636 1157 744 1241 priori
772 1157 954 1239 sepultura
980 1155 1189 1220 translatum
1212 1154 1251 1218 in
1277 1154 1355 1235 ipso

305 1255 515 1322 monasterio
528 1255 764 1339 apostolorum
778 1257 941 1324 decemer
950 1256 1109 1339 posuisti,
1117 1253 1354 1339 accipiendum

305 1355 618 1440 possidendumque
640 1365 784 1422 aeterna
807 1356 996 1422 donatione
1023 1355 1199 1435 concedo,
1224 1360 1261 1420 ct
1281 1353 1354 1418 cui-

307 1474 443 1538 cunque
469 1456 650 1522 uolueritis
677 1457 862 1522 haeredum
889 1475 1196 1538 successorumque
1221 1461 1355 1519 uestro·

307 1575 395 1633 rum,
413 1574 475 1622 seu
492 1556 651 1639 ,quolibet
668 1557 858 1635 hominum,
878 1556 946 1622 hoc
968 1557 1084 1641 ipsum
1102 1555 1147 1620 do
1165 1555 1241 1620 iure
1260 1555 1297 1617 iu
1318 1574 1357 1618 re

307 1662 425 1724 uestra
445 1657 635 1738 perdonare
656 1658 801 1723 liberam
820 1657 977 1722 habeatis
997 1662 1218 1740 potestatem.
1261 1653 1357 1718 Hinc

307 1755 415 1838 igitur
427 1756 601 1839 praecipio
614 1775 656 1821 ac
670 1778 793 1841 precor
813 1759 850 1821 in
872 1758 1011 1822 nomine
1024 1756 1082 1822 dei
1098 1755 1356 1838 omnipotentis,

306 1856 473 1938 patriciis,
498 1857 656 1936 ducibus,
673 1858 868 1936 comitibus,
890 1856 1123 1935 theloneario,
1146 1855 1358 1931 actionariis,

308 1974 350 2020 ac
372 1956 513 2039 reliquis
532 1957 679 2039 publicis
692 1957 934 2042 dignitatibus,
947 1964 988 2023 ut
1001 1956 1086 2020 haec
1104 1955 1270 2020 inoffense
1293 1955 1354 2020 do-

308 2057 405 2120 natio
426 2075 490 2138 per
508 2065 708 2139 praesentes
730 2077 773 2122 ac
792 2065 951 2141 posteros
967 2063 1166 2140 pereurrat3
1189 2056 1220 2120 si
1241 2062 1356 2120 autem

309 2156 506 2237 contigerit,
519 2164 559 2221 ut
573 2159 673 2222 nauis
695 2159 764 2223 ista
782 2158 940 2241 disrupta
966 2177 1009 2222 ac
1030 2155 1208 2222 confracta
1229 2156 1287 2233 sit,
1301 2155 1359 2220 uel

310 2256 415 2320 etiam
423 2263 598 2321 uetustate
605 2257 745 2336 detrita,
756 2266 818 2323 aut
826 2258 966 2322 omnino
975 2257 1068 2341 quod
1076 2257 1167 2322 absit
1175 2254 1359 2338 naufragio

309 2355 457 2439 perdita,
480 2364 564 2422 tuno
584 2376 722 2440 quoque
743 2358 788 2422 ad
810 2358 984 2422 cumulum
1005 2357 1148 2421 huiusce
1163 2356 1359 2421 donationis

310 2456 375 2520 hoc
390 2456 480 2520 addo
495 2464 531 2521 et
542 2458 704 2537 concedo,
721 2466 761 2523 ut
774 2458 845 2522 aha
857 2460 894 2522 in
906 2457 1009 2522 huius
1027 2457 1223 2523 donationis
1243 2456 1358 2521 locum

310 2563 346 2620 et
360 2555 602 2635 conditionem,
616 2565 838 2623 construatur
856 2566 892 2623 et
911 2558 1090 2623 habeatur.
1142 2557 1190 2622 Et
1208 2556 1274 2620 hoc
1288 2576 1358 2620 non

310 2655 422 2720 solum
444 2676 499 2722 me
520 2657 661 2723 uiuente
681 2659 718 2722 iu
740 2658 807 2723 hac
825 2659 911 2737 uita,
924 2658 986 2723 sed
1000 2659 1104 2724 etiam
1126 2664 1207 2741 post
1226 2657 1358 2722 obitum

309 2776 424 2820 meum
441 2777 504 2839 per
524 2758 747 2823 succedentes
761 2777 895 2842 semper
910 2759 1150 2842 generationes
1171 2757 1358 2841 praecipio,

310 2864 346 2921 et
360 2876 423 2938 per
431 2855 605 2923 Christum
618 2858 771 2937 Ihesum,
784 2859 931 2923 iudicem
945 2859 1108 2936 omnium,
1122 2857 1261 2940 postulo
1273 2857 1359 2921 fieri.

312 2955 479 3038 Quisquis
497 2977 582 3023 uero
593 2957 778 3022 haeredum
800 2979 1104 3041 successorumque
1123 2976 1288 3035 meorum,
1302 2957 1360 3020 uel

310 3056 456 3122 aliorum
478 3058 624 3140 quilibet
641 3058 829 3138 hominum,
850 3060 924 3124 siue
947 3059 1192 3135 saecularium·
1208 3057 1282 3121 siue
1302 3076 1358 3120 ec·

310 3156 592 3236 olesiasticorum,
607 3159 687 3223 huic
702 3160 781 3242 piae
795 3160 974 3224 donationi
989 3165 1131 3225 nostrae
1141 3158 1179 3222 in
1194 3157 1312 3239 aliqua
1321 3177 1359 3221 re

310 3257 482 3322 contraire
515 3277 654 3342 quoquo
685 3266 840 3342 tempore
863 3259 967 3324 fuerit
1002 3278 1120 3337 ausus,
1152 3257 1292 3322 nouerit
1316 3275 1360 3321 se

275 3371 279 3380 ·
310 3357 457 3440 quisque
479 3357 540 3422 ille
567 3359 616 3423 sit
642 3359 783 3423 audacis
811 3360 965 3425 malitiae
988 3377 1074 3423 suae
1093 3359 1262 3424 rationem
1284 3375 1361 3422 esse

309 3456 524 3523 redditio-um
557 3477 674 3523 coram
697 3461 932 3544 omnipotente
959 3459 1099 3524 domino
1137 3465 1269 3536 nostro,
1299 3457 1358 3540 qui

309 3557 477 3622 iudicabit
491 3559 745 3638 orbemterrae
758 3560 795 3623 in
817 3559 995 3643 aequitate·
1010 3559 1157 3624 reddens
1173 3557 1359 3642 unicuique

309 3656 499 3723 secuudum
513 3677 705 3740 opertione,
717 3659 841 3725 Ihesus
851 3659 1011 3726 Christus
1021 3659 1113 3725 filius
1125 3658 1361 3742 dei,filiusque

187 3819 189 3822 ,
311 3757 461 3822 Sanctae
473 3756 607 3822 Mariae
621 3778 757 3843 semper
769 3761 914 3844 uirginis
928 3760 1038 3839 cuius,
1053 3759 1196 3837 scilicet,
1208 3759 1246 3822 iu
1258 3778 1358 3841 prae·

309 3857 384 3923 fato
408 3859 618 3923 monasterio
639 3861 749 3924 sacris
779 3868 885 3945 atque
910 3860 1103 3942 magnificis
1127 3859 1361 3923 indesinenter

308 3957 365 4022 die
379 3966 552 4042 noctuque
577 3958 816 4042 frequentatur
838 3969 874 4026 ct
894 3961 1059 4025 adoratur
1069 3960 1243 4044 precibus,
1254 3957 1360 4022 index

309 4058 441 4122 saeculi
468 4059 543 4142 ipse
566 4059 691 4125 Ihesus
718 4060 879 4127 Christus
906 4061 1065 4126 dominus
1093 4067 1211 4124 noster
1233 4057 1363 4124 Amen.

312 4155 427 4240 Igitur
448 4167 610 4226 manente
637 4160 702 4226 hac
730 4163 866 4228 cartula
886 4163 923 4226 in
947 4182 1012 4227 sua
1029 4181 1165 4244 semper
1187 4160 1362 4237 firmitate,
