3134 5030
460 439 632 489 curaris
655 440 998 489 nncnossxoumsn.
1188 427 1255 491 303

202 598 349 679 gratiam
362 595 570 662 sanctissimi
582 597 789 662 confessoris
805 596 972 662 Guthlaci
985 595 1111 663 ibidem
1131 618 1252 682 corpo-

202 698 321 762 raliter
334 699 542 782 quiescentis
563 699 743 776 inuocans
758 698 959 764 fidelitatem
975 700 1006 763 ei
1026 706 1063 764 et
1074 699 1253 764 seruitium

202 798 367 864 iurauerit
381 799 646 882 sempiternum
668 801 787 863 saluus
810 810 846 863 et
868 818 1009 864 securus
1032 800 1096 863 sub
1118 809 1253 883 protec-

203 900 297 964 tione
322 900 457 965 abbatis
484 907 520 964 et
542 901 788 964 monachorum
811 919 964 978 suorum,
987 901 1025 963 in
1048 920 1256 983 quocunque

203 1000 345 1064 seruitio
368 1020 430 1082 per
452 1008 562 1065 totam
582 1001 730 1064 insulam
747 999 977 1084 croylandiae
990 1002 1103 1083 ipsum
1129 1021 1253 1084 posue·

203 1101 392 1178 rint‚'sicut
416 1100 453 1164 in
476 1103 586 1186 asylo,
609 1100 666 1164 uel
688 1101 724 1164 in
747 1119 884 1164 camera
906 1120 983 1165 mea
1003 1101 1154 1184 propria,
1168 1120 1254 1185 pace

204 1221 281 1265 mea
307 1209 343 1267 et
377 1203 582 1286 impunitate
614 1201 777 1283 gaudeat,
807 1201 991 1284 nullusque
1018 1201 1252 1265 ministrorum

204 1321 356 1366 meorum
370 1302 463 1366 ultra
475 1302 572 1366 illurn
586 1302 722 1384 insequi
744 1300 881 1378 audeat,
896 1322 960 1366 nec
982 1302 1018 1365 in
1042 1303 1159 1385 aliquo
1181 1322 1254 1366 mo·

202 1403 328 1466 lestare
343 1402 408 1466 sub
423 1421 536 1486 poena
559 1401 761 1485 perditionis
782 1401 896 1465 dextri
912 1402 966 1465 sui
981 1402 1091 1484 podia,
1109 1403 1254 1485 quicun-

205 1502 333 1585 quade
351 1523 428 1567 meo
450 1523 558 1586 regno
577 1501 669 1567 istud
693 1521 806 1566 meum
828 1502 1045 1584 priuilegium
1067 1504 1254 1567 tentauerit

203 1603 242 1666 in
270 1603 386 1686 aliquo
418 1603 560 1668 uiolare.
612 1602 813 1686 Licebitque
835 1601 928 1666 dicto
950 1602 1098 1683 fugitiuo
1119 1603 1155 1666 in
1178 1604 1253 1686 qui·

204 1705 336 1786 busque
352 1705 451 1787 aquis
462 1723 551 1787 quae
564 1702 692 1768 dictam
702 1702 851 1768 insulam
862 1702 1030 1779 ambiunt,
1042 1702 1207 1784 nauigare
1218 1711 1254 1768 et

203 1806 341 1888 piscari,
363 1823 404 1868 ao
424 1805 535 1882 aliter,
550 1803 858 1886 quomodocunque
882 1822 904 1866 a
929 1803 1076 1867 dominis
1096 1802 1171 1867 suis
1197 1821 1252 1867 as-

203 1905 362 1987 signatus
380 1903 496 1981 suerit,
511 1905 681 1980 laborare,
696 1904 826 1985 absque
843 1903 1078 1967 ministrorum
1099 1923 1253 1968 meorum

205 2005 262 2070 uel
283 2005 427 2069 alicuius
451 2005 593 2069 alterius
617 2004 789 2069 calumnia
807 2004 864 2068 uel
886 2004 1098 2086 grauamine.
1150 2002 1253 2082 Quod

205 2107 236 2169 si
250 2113 350 2169 extra
362 2105 472 2169 dictas
497 2123 606 2188 aquas
620 2105 678 2168 uel
692 2111 803 2169 metas
813 2105 896 2168 dicti
911 2103 1112 2169 monasterii
1130 2112 1252 2187 captus

205 2205 391 2290 aliquando
407 2205 523 2282 fuerit,
544 2197 699 2288 poenam
712 2223 816 2287 quam
833 2205 1008 2286 quondam
1027 2204 1164 2280 meruit,
1178 2205 1253 2268 siue

205 2316 361 2384 mortem,
389 2305 463 2371 siue
494 2306 721 2375 membrorum
752 2323 893 2370 suorum
927 2303 1190 2380 mutilationem,
1223 2305 1253 2368 si

204 2407 350 2472 ministri
375 2407 454 2485 mei,
482 2406 538 2470 uel
563 2406 758 2489 quicunque
780 2403 835 2468 sui
861 2403 1050 2468 aduersarii
1072 2423 1135 2486 per
1159 2403 1253 2468 iura-

204 2515 356 2572 mentum
371 2525 434 2573 sex
447 2506 623 2571 hominum
636 2507 703 2570 fide
717 2504 899 2586 dignorum
912 2505 1058 2588 probare
1079 2511 1254 2586 poterunt,

204 2607 296 2690 qnod
321 2615 422 2673 extra
448 2614 558 2672 metas
586 2625 669 2670 suas
692 2607 856 2670 inuentus
885 2605 1000 2682 fuerit,
1028 2605 1159 2686 absque
1181 2605 1254 2669 ulla

204 2708 318 2788 gratia
332 2708 527 2772 sustinebit.
569 2708 693 2773 Dictus
707 2725 791 2770 uero
805 2713 914 2770 metas
930 2704 1129 2769 monasterii
1145 2703 1253 2787 Croy-

203 2807 285 2871 land
307 2810 344 2872 in
368 2806 519 2891 quinque
543 2808 617 2872 eius
642 2825 751 2891 aquas
773 2806 968 2889 praedictas
993 2812 1066 2868 tam
1087 2804 1254 2869 ministris

205 2908 302 2986 meis,
330 2927 434 2994 quam
466 2909 583 2973 abbati
609 2915 644 2972 et
668 2906 846 2970 monachis
870 2906 941 2970 suis
964 2925 1028 2987 pro
1049 2905 1121 2968 suis
1150 2904 1253 2969 dictis

203 3007 361 3091 fugitiuis
391 3009 582 3073 describere
609 3008 676 3071 feci
703 3015 739 3072 et
765 3015 897 3071 notare.
949 3005 1073 3070 Dictae
1105 3024 1254 3088 namque

205 3128 315 3192 aquae
329 3117 499 3173 uocantur
512 3109 589 3172 istis
599 3108 794 3172 nominibus
808 3105 968 3170 uidelicet
981 3105 1188 3189 Schepishee
1209 3106 1253 3170 ad

204 3210 368 3274 orientem
382 3207 419 3271 in
434 3210 532 3272 cuius
549 3209 625 3292 ripa
646 3208 852 3273 occidentali
871 3227 957 3271 crux
970 3207 1086 3289 lignea
1108 3214 1179 3272 stat
1193 3226 1253 3271 ue-

205 3317 312 3388 tusta,
325 3317 361 3374 et
374 3308 481 3373 distat
502 3310 546 3373 ab
567 3308 645 3391 ipsa
666 3326 758 3391 aqua
777 3306 970 3390 perdecem
993 3307 1110 3389 pedes,
1126 3326 1253 3389 aequa·

204 3411 284 3475 liter
303 3410 419 3494 posita
441 3409 477 3472 in
499 3409 611 3474 medio
634 3409 725 3472 inter
746 3408 833 3472 duos
855 3407 1001 3487 angulos
1026 3407 1179 3470 eiusdem
1200 3408 1253 3469 in-

205 3512 314 3588 sulae,
325 3509 456 3574 scilicet
465 3507 682 3586 Asuuiktost‚
692 3509 751 3591 qui
765 3515 818 3572 est
833 3507 981 3589 angulus
991 3514 1026 3571 et
1037 3514 1131 3572 meta
1142 3506 1254 3571 dictae

204 3611 338 3676 insulae
365 3617 487 3675 contra
510 3611 724 3686 uulturnum‚
746 3615 782 3672 et
796 3606 1021 3671 Teduuarker
1035 3607 1094 3690 qui
1115 3613 1169 3671 est
1191 3625 1253 3670 an-

205 3713 446 3795 gulusetmeta
454 3712 567 3775 dictae
575 3711 836 3775 insulaeoontra
843 3703 1074 3772 subsolanum.
1096 3707 1255 3772 Secunda

204 3831 306 3896 aqua,
329 3830 419 3894 quae
432 3812 564 3876 claudit
577 3812 705 3876 dictam
718 3809 867 3873 insulam
879 3807 923 3872 ad
938 3815 1093 3872 austrum
1108 3814 1255 3872 uocatur

205 3913 368 3991 Southec,
381 3913 418 3976 in
434 3913 532 3978 ouius
551 3913 627 3997 ripa
641 3911 757 3996 posita
772 3917 826 3974 est
847 3928 934 3972 crux
950 3907 1098 3992 lapidea,
1121 3908 1254 3972 distans

204 4033 226 4078 a
240 4014 561 4079 Namanlandhirne
575 4033 636 4097 per
646 4013 798 4096 quinque
812 4009 1010 4093 perticatas
1026 4018 1061 4074 et
1071 4028 1093 4072 a
1104 4006 1255 4073 Southec

205 4134 267 4196 per
289 4133 353 4179 sex
376 4116 576 4198 perticatas,
603 4114 660 4177 ubi
686 4111 837 4176 Southec
862 4111 971 4173 intrat
997 4109 1034 4172 in
1064 4127 1190 4190 aquam
1212 4108 1255 4172 de

206 4214 307 4281 Nene
321 4234 410 4299 quae
425 4215 531 4279 currit
554 4215 598 4278 ad
621 4221 761 4296 pontem
782 4210 826 4275 de
841 4208 1034 4292 croyland:
1059 4209 1119 4273 sed
1142 4215 1256 4273 metae
