3134 5030
315 387 382 452 246
567 399 739 450 canneru
761 397 1102 450 nucnosnxourcun.

319 559 414 627 omni
427 579 529 626 seruo
550 559 606 625 dei
629 558 777 624 solidum
796 579 925 639 unum;
948 566 985 624 et
1002 579 1044 623 ea
1062 558 1154 622 dona
1175 557 1377 622 innumera·

320 660 404 726 bilia
419 669 501 726 sunt
515 661 606 726 sicut
627 667 783 725 nostram
804 660 957 743 regalem
980 658 1185 741 dignitatem
1207 656 1375 736 decebat3

321 778 410 843 quae
432 761 548 825 nullus
573 779 773 826 enumerare
795 760 902 837 ualet,
916 778 1028 842 neque
1051 758 1265 825 numeranda
1278 764 1376 834 sunt,

321 879 411 944 quae
434 868 518 926 tunc
539 880 636 926 meae
659 861 801 943 erogaui
819 861 926 942 genti,
942 879 984 924 ea
1004 857 1215 936 conditione,
1227 863 1268 921 ut
1288 856 1377 922 mihi

321 961 474 1043 meisque
495 961 700 1027 haeredibus
721 961 827 1045 plena
849 960 1008 1024 libertate
1029 958 1226 1024 haereditas
1241 976 1319 1020 mea
1332 977 1377 1022 eo

321 1059 450 1126 firmior
471 1069 576 1145 atque
601 1061 759 1128 stabilior
784 1060 1006 1126 aeternaliter
1027 1058 1239 1142 perduraret.
1297 1056 1376 1138 Ego

324 1159 533 1245 Kenulphus
569 1163 672 1227 etiam
709 1180 774 1225 rex
804 1161 1007 1232 merciorum
1033 1159 1201 1227 uexillum
1231 1163 1376 1226 sanctae

321 1261 433 1326 crucis
463 1262 501 1327 in
528 1281 598 1346 quo
624 1267 747 1345 passus
783 1268 837 1325 est
867 1259 992 1326 Ihesus
1015 1256 1186 1336 Christus,
1215 1256 1376 1324 dominus

322 1367 451 1441 noster,
466 1363 510 1426 ad
534 1361 599 1426 hoc
622 1361 827 1444 conquisiui,
841 1365 881 1442 ut
900 1359 1037 1424 animae
1048 1377 1158 1444 meae,
1173 1365 1209 1422 et
1221 1357 1376 1424 omnium

321 1462 490 1527 bonorum
503 1461 742 1541 saecularium,
756 1480 819 1525 seu
828 1460 1014 1525 haeredum
1026 1457 1246 1524 immobiliter
1256 1463 1378 1541 patro·

323 1561 482 1641 eihando,
505 1568 627 1627 contra
654 1560 840 1628 tumultum
875 1579 1063 1644 prauoruru
1092 1559 1242 1626 tutatrix
1270 1563 1378 1640 atque

324 1659 537 1727 defensatrix
551 1663 727 1745 perpetuis
743 1662 955 1745 temporibus
976 1658 1234 1744 permansisset.
1287 1657 1335 1722 Et
1348 1657 1379 1725 si

325 1761 403 1843 quis
428 1761 558 1844 aliquid
579 1762 624 1826 ab
648 1762 714 1826 hoc
734 1761 866 1826 uexillo
888 1781 952 1845 per
965 1760 1046 1824 uim
1066 1758 1206 1824 studeat
1228 1757 1378 1836 auferre,

325 1860 466 1926 maioris
490 1861 565 1927 sine
590 1861 733 1926 minoris
760 1880 942 1945 personae,
967 1860 1056 1925 sciat
1077 1878 1115 1924 se
1146 1858 1379 1925 anathematis

325 1961 464 2027 uinculo
486 1962 702 2040 innodatum,
727 1968 763 2027 et
781 1980 804 2025 a
827 1967 969 2025 sanctae
992 1960 1104 2024 crucis
1125 1958 1236 2029 tutela
1258 1977 1376 2025 coram

326 2061 391 2125 deo
407 2063 445 2127 in
468 2061 524 2126 die
544 2061 662 2126 iudicii
685 2067 896 2145 separatum,
911 2059 979 2124 nisi
998 2066 1080 2125 ante
1098 2058 1155 2124 hic
1179 2078 1258 2122 curn
1273 2059 1381 2123 satis·

327 2159 476 2226 factione
496 2161 754 2228 emendauerit:
782 2168 818 2227 et
832 2161 876 2226 ah
890 2161 951 2226 illo
965 2158 1168 2243 ,patrocinio
1200 2156 1382 2242 praedicto

325 2268 480 2326 sanctam
501 2262 605 2326 istam
628 2261 842 2338 aecclesiam,
864 2261 929 2324 sub
944 2260 1055 2326 almae
1069 2259 1252 2326 Trinitatis
1276 2267 1379 2339 nutu,

325 2367 429 2443 atque
459 2361 673 2444 angelorum,
700 2369 736 2428 et
763 2360 1058 2442 archangelorum,
1089 2357 1379 2443 patriarcharum,

322 2461 836 2545 prophetarum,apostolorum,
850 2460 1041 2538 martirum,
1052 2459 1298 2538 consessorum,
1307 2461 1380 2524 uir-

324 2560 456 2642 ginum,
471 2569 576 2644 atque
599 2562 750 2626 omnium
772 2568 971 2626 sanctorum
988 2561 1201 2644 protectione
1215 2561 1380 2630 corrobo-

325 2667 438 2725 ratam
452 2662 571 2726 sciatis
585 2681 797 2745 permanere.
850 2661 931 2727 Hoc
947 2680 1084 2745 quoque
1108 2679 1174 2743 ego
1202 2659 1379 2732 Kenulfus

324 2779 400 2839 rex,
414 2768 450 2826 et
463 2763 653 2845 omnesqui
666 2763 704 2827 in
719 2761 848 2828 nostris
862 2762 1086 2846 synodalibus
1099 2759 1253 2826 concihis
1269 2767 1379 2826 testes

325 2868 431 2944 atquo
453 2863 581 2927 conscii
603 2862 706 2928 huius
728 2863 778 2926 rei
799 2862 1011 2946 praesentati
1031 2861 1190 2940 fuissent,
1209 2861 1379 2926 diiudica-

325 2961 439 3026 uimus
462 2970 571 3046 atque
599 2963 763 3028 unanimo
791 2981 962 3028 consensu
988 2961 1242 3039 constituimus,
1273 2968 1315 3025 ut
1346 2962 1377 3026 si

324 3060 427 3125 homo
441 3061 567 3146 aliquis
580 3063 760 3146 culpabilis
774 3062 868 3126 uitae
883 3081 967 3128 suae
978 3069 1040 3126 aut
1054 3062 1091 3126 in
1105 3061 1221 3144 aliquo
1236 3061 1376 3141 delicto,

324 3162 472 3239 occulte,
496 3161 677 3245 puhliceue
698 3161 915 3245 delinquens,
934 3163 1149 3245 peruenisset
1169 3161 1215 3225 ad
1232 3161 1376 3243 apicem

324 3260 1376 3346 haereditatismeaaetnostramaecelesiam,atqueucxillum

325 3362 523 3428 salutiferae
552 3363 663 3426 erucis
691 3361 892 3446 requireret,
925 3361 1155 3429 firmissimam
1182 3361 1230 3425 ibi
1252 3380 1375 3444 pacem

324 3469 428 3545 atque
450 3461 701 3545 indulgentiam
723 3461 914 3542 inueniret;
938 3468 973 3527 et
992 3462 1107 3527 nullus
1130 3460 1252 3526 suisset
1270 3460 1376 3527 horno

323 3562 442 3645 aliqua
456 3563 653 3627 audacitate
667 3562 788 3641 fretus,
802 3572 941 3646 quoquo
965 3563 1067 3627 modo
1084 3570 1229 3629 toruaue
1242 3563 1378 3644 cogita-

323 3661 429 3741 tione,
452 3663 581 3746 aliquid
604 3682 667 3746 per
687 3663 757 3726 uim
779 3662 905 3727 exinde
927 3682 1060 3745 rapere,
1085 3682 1148 3728 nec
1173 3661 1375 3744 diminuere,

323 3781 434 3845 neque
458 3781 561 3844 agros
586 3783 682 3827 meae
699 3762 922 3828 haereditatis
945 3762 1038 3826 foras
1061 3761 1301 3840 transdonare,
1317 3762 1375 3828 uel

323 3863 595 3941 accommodare,
616 3863 682 3927 nisi
713 3863 757 3927 ad
786 3871 922 3946 tompus
945 3869 981 3928 et
1004 3861 1048 3926 ad
1071 3861 1278 3930 conditionis
1301 3869 1375 3927 sta-

322 3968 435 4028 tutum
460 3962 562 4027 unius
585 3962 754 4044 hominis3
778 3962 838 4027 sed
863 3961 1083 4028 immobihter
1102 3962 1376 4048 permansissent

321 4064 421 4144 quasi
448 4061 484 4125 in
514 4063 641 4129 nostris
671 4065 782 4129 tribus
810 4063 952 4146 synodis
981 4063 1125 4128 firmiter
1159 4063 1374 4128 decreuimus

320 4162 539 4228 aeternaliter
559 4164 755 4247 perdurare.
808 4163 872 4228 Hii
892 4184 1010 4231 ornnes
1033 4163 1136 4229 huius
1151 4164 1202 4229 rei
1215 4163 1374 4236 ueritatis
