3172 5030
476 445 649 496 curnula
671 444 1013 494 lncnosnxonrcln.
1223 429 1265 494 21

213 614 364 670 terram.
382 607 418 669 in
433 605 528 670 tenid
543 654 551 670 .
567 624 634 688 que
652 604 867 687 appellatur.
886 613 1033 668 uuestan
1054 623 1096 668 ae
1111 602 1173 668 tibi
1187 603 1264 667 ber-

214 707 342 771 cuald.
369 714 497 789 tuoque
525 706 732 770 monasterio
757 724 836 768 cum
863 706 989 769 omnib:
1018 703 1062 768 ad
1091 723 1129 768 se
1159 705 1264 786 perti·

215 808 375 871 nentibus
397 808 526 890 campis
548 807 685 890 pascuis
702 805 855 869 meriscis
874 806 971 869 siluis
990 805 1132 870 modicis
1150 805 1265 869 fonnis

215 908 358 990 piscaris
376 908 532 971 omnibus
547 914 586 970 ut
600 907 730 971 dictum
752 912 806 968 est
827 906 872 969 ad
887 906 1030 970 eandem
1043 912 1170 969 terram
1186 924 1264 987 per·

215 1007 380 1072 tinentia.
411 1009 513 1072 sicuti
535 1027 625 1072 nunc
648 1026 724 1089 usq:
748 1025 909 1088 possessa
936 1014 1008 1072 est.
1031 1006 1132 1069 iuxta
1154 1007 1262 1069 notis·

215 1109 320 1171 simos
343 1109 506 1173 terminos
520 1127 542 1172 a
554 1129 609 1172 me
631 1107 886 1171 demonstratus
905 1113 941 1170 et
962 1105 1262 1189 proacuratoribus

213 1209 318 1274 meis,
335 1208 453 1273 eodem
468 1208 570 1274 modo
586 1209 648 1272 tibi
663 1216 792 1291 tuoque
806 1207 1014 1272 monasterio
1033 1205 1260 1270 conferimus.

213 1315 332 1373 teneas
354 1310 532 1393 possideas
555 1316 615 1372 tu.
636 1309 833 1391 posterique
854 1308 906 1372 tui
924 1309 961 1371 in
985 1313 1187 1390 perpetuum
1202 1305 1261 1369 de·

212 1408 355 1474 tendant
377 1429 399 1474 a
421 1410 517 1474 nullo
539 1408 805 1473 contradicitur.
832 1395 910 1471 cum
938 1425 1107 1472 consensu
1130 1405 1261 1471 archie-

212 1510 346 1591 piscopi
359 1508 517 1575 theodori
540 1516 575 1572 et
598 1509 732 1572 edrico.
747 1508 857 1571 filium
874 1507 991 1571 fratris
1013 1507 1080 1571 mei
1103 1526 1166 1571 nec
1191 1527 1261 1572 non

213 1615 249 1671 et
263 1609 415 1672 omnium
440 1609 652 1693 principum.
679 1609 781 1672 sicuti
804 1608 867 1671 tibi
889 1607 1018 1671 donata
1040 1614 1093 1671 est
1111 1608 1162 1671 ita
1182 1615 1262 1672 tene

212 1715 248 1772 et
263 1710 393 1792 posteri
407 1711 458 1774 tui
473 1722 497 1781 ζ·
528 1709 683 1792 quisquis
698 1714 820 1772 contra
832 1708 922 1772 hanc
940 1708 1126 1772 donatione
1142 1709 1261 1774 uenire

211 1811 433 1892 temptauerit
446 1810 493 1874 sit
507 1811 551 1873 ab
572 1810 665 1873 omni
686 1807 881 1896 xpiauitata
904 1815 1085 1891 separatus
1100 1815 1136 1872 et
1151 1828 1173 1872 a
1185 1828 1260 1873 cor·

211 1930 294 1992 pore
312 1917 347 1975 et
364 1911 525 1993 sanguini
540 1910 598 1974 diri
612 1910 722 1973 nostri
740 1907 801 1972 ibn
817 1907 877 1996 xpi
890 1927 1099 1992 suspensus.
1118 1929 1260 1973 manen-

210 2019 281 2074 tem
296 2009 386 2074 hanc
400 2011 596 2076 donationis
610 2010 802 2075 chartulam
817 2010 853 2072 in
873 2029 937 2074 sua
959 2009 1180 2073 nihilominus
1202 2009 1259 2073 fir·

211 2111 331 2175 mitatc
347 2119 382 2177 et
403 2132 467 2195 pro
480 2111 739 2177 confirmatione
755 2111 829 2174 eius
843 2128 948 2173 manu
967 2110 1108 2192 propria
1122 2109 1259 2191 signum

209 2213 267 2284 sie
280 2212 391 2275 crucis
411 2212 588 2295 expraessi
610 2218 645 2275 et
668 2218 775 2276 testes
797 2216 837 2274 ut
858 2210 1112 2275 subscriberent
1126 2212 1260 2291 rogaui.

209 2319 325 2376 actum
347 2312 384 2375 in
406 2313 548 2376 ciuitate
561 2310 698 2374 recuulf
705 2311 741 2373 in
757 2329 874 2373 mense
896 2311 987 2374 maio
1000 2309 1061 2373 ind
1073 2311 1252 2393 septimat·

213 2410 258 2485 In
282 2411 359 2492 ipsa
386 2417 656 2475 antememorato
691 2408 746 2472 die
768 2410 912 2473 adiunxi
941 2410 1042 2473 aliam
1071 2416 1199 2473 terram
1223 2410 1261 2472 in

211 2510 322 2574 sturia
348 2509 449 2575 iuxta
472 2511 670 2574 notissimos
694 2511 859 2573 terminos
884 2528 906 2572 a
928 2527 982 2572 me
1004 2509 1260 2573 demonstratus

210 2617 245 2674 et
267 2611 569 2692 proacuratoribus
588 2610 673 2672 meis
688 2628 766 2672 cum
786 2610 916 2691 campis
932 2615 967 2672 et
981 2608 1080 2674 siluis
1102 2615 1137 2673 et
1150 2610 1260 2692 pratis

209 2711 313 2774 sicuti
330 2717 411 2775 ante
431 2711 693 2774 memorabimus
717 2711 950 2793 supradictam
964 2716 1102 2774 terram.
1120 2709 1171 2774 ita
1191 2710 1259 2773 ista
1320 2763 1324 2769 .

209 2812 256 2875 sit
275 2831 298 2874 a
315 2831 370 2875 me
392 2811 521 2876 donata
543 2811 662 2876 eodem
683 2810 785 2875 modo
805 2829 883 2876 cum
900 2810 1058 2874 omnibus
1073 2809 1117 2873 ad
1132 2830 1170 2873 se
1183 2830 1261 2892 per-

210 2912 358 2976 tinentia
374 2913 411 2975 in
427 2919 601 2995 potestate
624 2911 701 2975 abb'
716 2911 784 2976 sit.
799 2911 834 2974 in
849 2917 1075 2994 perpetuum.
1093 2930 1115 2974 a
1128 2930 1183 2975 me
1198 2909 1260 2975 do·

209 3020 316 3077 nata.
344 3032 366 3076 a
388 3014 483 3078 nullo
497 3011 744 3077 contradicitur
765 3013 857 3094 quod
886 3012 1001 3075 absit.
1025 3031 1136 3093 neque
1159 3031 1181 3074 a
1205 3031 1260 3075 me

208 3133 318 3196 neque
345 3114 592 3196 aparentibus
622 3114 707 3176 meis
735 3132 847 3195 neque
883 3113 926 3175 ab
954 3112 1042 3176 aliis.
1073 3112 1104 3175 si
1133 3111 1258 3194 aliquis
1302 3177 1313 3189 ,

209 3213 309 3277 aliter
324 3213 444 3279 lecerit
456 3234 478 3278 a
491 3213 536 3278 do
551 3233 588 3278 se
606 3213 805 3276 damnatum
818 3213 928 3277 sciat.
952 3220 987 3278 et
1008 3213 1044 3278 in
1065 3211 1120 3275 die
1142 3212 1259 3280 iudicii

206 3315 377 3388 rationem
391 3315 511 3378 reddet
525 3313 570 3378 do
583 3315 619 3377 in
635 3314 751 3378 anima
764 3333 829 3377 sua
843 3326 868 3383 ζ·

264 3415 303 3495 ›1‹
331 3415 468 3496 signum
482 3433 605 3478 manus
619 3413 769 3478 hlothari
783 3414 874 3496 regis
889 3413 1077 3480 donatoris.

264 3515 304 3594 ›1‹
331 3515 469 3596 signum
483 3533 606 3580 manus
621 3515 823 3595 gumbcrcti.

264 3615 303 3695 ›1‹
334 3615 470 3695 signum
483 3633 607 3677 manus
620 3613 771 3694 gebredi.

264 3714 304 3795 ›1‹
331 3714 468 3795 signum
482 3732 605 3776 manus
619 3712 749 3777 osfridi.

204 3862 207 3870 .
264 3814 467 3895 fflusignum
480 3833 604 3878 manus
617 3813 803 3878 irminredi.

264 3915 302 3995 ›1‹
330 3915 468 3996 signum
482 3933 606 3978 manus
620 3913 826 3980 aedilmaeri.

264 4016 302 4096 ›1‹
330 4015 468 4097 signum
483 4033 606 4077 manus
620 4012 760 4095 hagani.

264 4117 302 4197 ›1‹
329 4117 467 4198 signum
482 4133 605 4179 manus
619 4113 781 4178 aeldredi.

265 4217 303 4297 ›1‹
331 4216 468 4299 signum
483 4235 606 4280 manus
621 4213 769 4280 aldhodi.
