<?xml version="1.0" encoding="UTF-8"?>
<!DOCTYPE html PUBLIC "-//W3C//DTD XHTML 1.0 Transitional//EN"
    "http://www.w3.org/TR/xhtml1/DTD/xhtml1-transitional.dtd">
<html xmlns="http://www.w3.org/1999/xhtml" xml:lang="en" lang="en">
 <head>
  <title>
</title>
<meta http-equiv="Content-Type" content="text/html;charset=utf-8" />
  <meta name='ocr-system' content='tesseract 3.04.00' />
  <meta name='ocr-capabilities' content='ocr_page ocr_carea ocr_par ocr_line ocrx_word'/>
</head>
<body>
  <div class='ocr_page' id='page_1' title='image "./codexdiplomatic04kembgoog_0089.png"; bbox 0 0 3168 5028; ppageno 0'>
   <div class='ocr_carea' id='block_1_1' title="bbox 337 493 992 560">
    <p class='ocr_par' dir='ltr' id='par_1_1' title="bbox 337 493 992 560">
     <span class='ocr_line' id='line_1_1' title="bbox 337 493 992 560; baseline -0.006 -2"><span class='ocrx_word' id='word_1_1' title='bbox 337 493 464 560; x_wconf 81' lang='lat' dir='ltr'><strong>lxxviii</strong></span> <span class='ocrx_word' id='word_1_2' title='bbox 687 507 992 557; x_wconf 78' lang='lat' dir='ltr'><strong>ruraonuerroa.</strong></span> 
     </span>
    </p>
   </div>
   <div class='ocr_carea' id='block_1_2' title="bbox 273 645 1338 1039">
    <p class='ocr_par' dir='ltr' id='par_1_2' title="bbox 273 645 1338 1039">
     <span class='ocr_line' id='line_1_2' title="bbox 273 645 1337 735; baseline -0.009 -16"><span class='ocrx_word' id='word_1_3' title='bbox 273 703 276 706; x_wconf 84' lang='lat'>-</span> <span class='ocrx_word' id='word_1_4' title='bbox 336 655 402 718; x_wconf 89' lang='lat' dir='ltr'><strong>hus</strong></span> <span class='ocrx_word' id='word_1_5' title='bbox 415 653 502 717; x_wconf 85' lang='lat' dir='ltr'><strong>forte</strong></span> <span class='ocrx_word' id='word_1_6' title='bbox 515 649 640 716; x_wconf 75' lang='lat' dir='ltr'><strong>ebodri</strong></span> <span class='ocrx_word' id='word_1_7' title='bbox 652 656 789 735; x_wconf 88' lang='lat' dir='ltr'><strong>poterat</strong></span> <span class='ocrx_word' id='word_1_8' title='bbox 803 650 1001 716; x_wconf 88' lang='lat' dir='ltr'><strong>institutas:</strong></span> <span class='ocrx_word' id='word_1_9' title='bbox 1024 649 1117 714; x_wconf 89' lang='lat' dir='ltr'><strong>Dum</strong></span> <span class='ocrx_word' id='word_1_10' title='bbox 1129 647 1231 724; x_wconf 91' lang='lat' dir='ltr'><strong>enim,</strong></span> <span class='ocrx_word' id='word_1_11' title='bbox 1241 645 1337 713; x_wconf 85' lang='lat' dir='ltr'><strong>verbi</strong></span> 
     </span>
     <span class='ocr_line' id='line_1_3' title="bbox 338 750 1337 838; baseline -0.004 -18"><span class='ocrx_word' id='word_1_12' title='bbox 338 753 459 838; x_wconf 78' lang='lat' dir='ltr'><strong>gratia,</strong></span> <span class='ocrx_word' id='word_1_13' title='bbox 479 753 624 838; x_wconf 83' lang='lat' dir='ltr'><strong>quilibet</strong></span> <span class='ocrx_word' id='word_1_14' title='bbox 642 753 835 838; x_wconf 76' lang='lat' dir='ltr'><strong>Imperator</strong></span> <span class='ocrx_word' id='word_1_15' title='bbox 853 753 967 820; x_wconf 90' lang='lat' dir='ltr'><strong>medio</strong></span> <span class='ocrx_word' id='word_1_16' title='bbox 985 753 1067 818; x_wconf 88' lang='lat' dir='ltr'><strong>anni</strong></span> <span class='ocrx_word' id='word_1_17' title='bbox 1090 759 1244 834; x_wconf 88' lang='lat' dir='ltr'><strong>tempore</strong></span> <span class='ocrx_word' id='word_1_18' title='bbox 1263 750 1337 816; x_wconf 83' lang='lat' dir='ltr'><strong>vita</strong></span> 
     </span>
     <span class='ocr_line' id='line_1_4' title="bbox 337 853 1338 939; baseline -0.008 -16"><span class='ocrx_word' id='word_1_19' title='bbox 337 856 394 924; x_wconf 87' lang='lat' dir='ltr'><strong>vel</strong></span> <span class='ocrx_word' id='word_1_20' title='bbox 413 875 516 938; x_wconf 77' lang='lat' dir='ltr'><strong>regno</strong></span> <span class='ocrx_word' id='word_1_21' title='bbox 535 854 725 934; x_wconf 78' lang='lat' dir='ltr'><strong>decederet,</strong></span> <span class='ocrx_word' id='word_1_22' title='bbox 743 862 882 939; x_wconf 89' lang='lat' dir='ltr'><strong>poterat</strong></span> <span class='ocrx_word' id='word_1_23' title='bbox 900 856 1037 920; x_wconf 88' lang='lat' dir='ltr'><strong>euenire</strong></span> <span class='ocrx_word' id='word_1_24' title='bbox 1054 861 1093 920; x_wconf 89' lang='lat' dir='ltr'><strong>vt</strong></span> <span class='ocrx_word' id='word_1_25' title='bbox 1112 853 1257 919; x_wconf 86' lang='lat' dir='ltr'><strong>eundem</strong></span> <span class='ocrx_word' id='word_1_26' title='bbox 1276 871 1338 916; x_wconf 86' lang='lat' dir='ltr'><strong>au·</strong></span> 
     </span>
     <span class='ocr_line' id='line_1_5' title="bbox 338 956 1337 1039; baseline -0.006 -16"><span class='ocrx_word' id='word_1_27' title='bbox 338 977 420 1023; x_wconf 89' lang='lat' dir='ltr'><strong>num</strong></span> <span class='ocrx_word' id='word_1_28' title='bbox 439 975 527 1022; x_wconf 85' lang='lat' dir='ltr'><strong>vnus</strong></span> <span class='ocrx_word' id='word_1_29' title='bbox 545 956 728 1023; x_wconf 88' lang='lat' dir='ltr'><strong>historicus</strong></span> <span class='ocrx_word' id='word_1_30' title='bbox 742 957 898 1023; x_wconf 87' lang='lat' dir='ltr'><strong>eiusdem</strong></span> <span class='ocrx_word' id='word_1_31' title='bbox 911 957 1002 1039; x_wconf 81' lang='lat' dir='ltr'><strong>regis</strong></span> <span class='ocrx_word' id='word_1_32' title='bbox 1021 957 1230 1022; x_wconf 76' lang='lat' dir='ltr'><strong>adscriberet</strong></span> <span class='ocrx_word' id='word_1_33' title='bbox 1252 963 1337 1020; x_wconf 86' lang='lat' dir='ltr'><strong>tem-</strong></span> 
     </span>
    </p>
   </div>
   <div class='ocr_carea' id='block_1_3' title="bbox 337 1059 1428 1143">
    <p class='ocr_par' dir='ltr' id='par_1_3' title="bbox 337 1059 1428 1143">
     <span class='ocr_line' id='line_1_6' title="bbox 337 1059 1428 1143; baseline -0.001 -21"><span class='ocrx_word' id='word_1_34' title='bbox 337 1060 489 1143; x_wconf 85' lang='lat' dir='ltr'><strong>poribus,</strong></span> <span class='ocrx_word' id='word_1_35' title='bbox 513 1077 555 1122; x_wconf 87' lang='lat' dir='ltr'><strong>ee</strong></span> <span class='ocrx_word' id='word_1_36' title='bbox 578 1059 671 1141; x_wconf 90' lang='lat' dir='ltr'><strong>quod</strong></span> <span class='ocrx_word' id='word_1_37' title='bbox 694 1059 768 1122; x_wconf 90' lang='lat' dir='ltr'><strong>eius</strong></span> <span class='ocrx_word' id='word_1_38' title='bbox 792 1066 924 1142; x_wconf 90' lang='lat' dir='ltr'><strong>partem</strong></span> <span class='ocrx_word' id='word_1_39' title='bbox 949 1067 1124 1141; x_wconf 81' lang='lat' dir='ltr'><strong>regnaret:</strong></span> <span class='ocrx_word' id='word_1_40' title='bbox 1147 1059 1235 1126; x_wconf 89' lang='lat' dir='ltr'><strong>alter</strong></span> <span class='ocrx_word' id='word_1_41' title='bbox 1255 1075 1337 1122; x_wconf 86' lang='lat' dir='ltr'><strong>vere</strong></span> <span class='ocrx_word' id='word_1_42' title='bbox 1426 1081 1428 1088; x_wconf 55' lang='lat'><strong><em>⁴</em></strong></span> 
     </span>
    </p>
   </div>
   <div class='ocr_carea' id='block_1_4' title="bbox 282 1160 1342 4188">
    <p class='ocr_par' dir='ltr' id='par_1_4' title="bbox 282 1160 1339 2765">
     <span class='ocr_line' id='line_1_7' title="bbox 338 1160 1337 1243; baseline -0.003 -18"><span class='ocrx_word' id='word_1_43' title='bbox 338 1161 522 1226; x_wconf 88' lang='lat' dir='ltr'><strong>historicus</strong></span> <span class='ocrx_word' id='word_1_44' title='bbox 542 1160 688 1224; x_wconf 83' lang='lat' dir='ltr'><strong>eundern</strong></span> <span class='ocrx_word' id='word_1_45' title='bbox 702 1160 894 1226; x_wconf 82' lang='lat' dir='ltr'><strong>successori</strong></span> <span class='ocrx_word' id='word_1_46' title='bbox 913 1160 1006 1224; x_wconf 88' lang='lat' dir='ltr'><strong>illius</strong></span> <span class='ocrx_word' id='word_1_47' title='bbox 1027 1161 1143 1243; x_wconf 88' lang='lat' dir='ltr'><strong>patius</strong></span> <span class='ocrx_word' id='word_1_48' title='bbox 1159 1160 1337 1226; x_wconf 85' lang='lat' dir='ltr'><strong>attitulan-</strong></span> 
     </span>
     <span class='ocr_line' id='line_1_8' title="bbox 339 1261 1337 1345; baseline -0.001 -18"><span class='ocrx_word' id='word_1_49' title='bbox 339 1263 420 1328; x_wconf 91' lang='lat' dir='ltr'><strong>dum</strong></span> <span class='ocrx_word' id='word_1_50' title='bbox 451 1268 603 1345; x_wconf 89' lang='lat' dir='ltr'><strong>putaret,</strong></span> <span class='ocrx_word' id='word_1_51' title='bbox 631 1281 673 1327; x_wconf 91' lang='lat' dir='ltr'><strong>eo</strong></span> <span class='ocrx_word' id='word_1_52' title='bbox 701 1262 793 1345; x_wconf 90' lang='lat' dir='ltr'><strong>quod</strong></span> <span class='ocrx_word' id='word_1_53' title='bbox 823 1269 859 1326; x_wconf 92' lang='lat' dir='ltr'><strong>et</strong></span> <span class='ocrx_word' id='word_1_54' title='bbox 885 1261 942 1326; x_wconf 90' lang='lat' dir='ltr'><strong>hic</strong></span> <span class='ocrx_word' id='word_1_55' title='bbox 968 1270 1102 1345; x_wconf 88' lang='lat' dir='ltr'><strong>partem</strong></span> <span class='ocrx_word' id='word_1_56' title='bbox 1132 1281 1231 1345; x_wconf 85' lang='lat' dir='ltr'><strong>aeque</strong></span> <span class='ocrx_word' id='word_1_57' title='bbox 1262 1261 1337 1326; x_wconf 84' lang='lat' dir='ltr'><strong>eius</strong></span> 
     </span>
     <span class='ocr_line' id='line_1_9' title="bbox 337 1362 1337 1446; baseline -0.002 -18"><span class='ocrx_word' id='word_1_58' title='bbox 337 1363 479 1429; x_wconf 88' lang='lat' dir='ltr'><strong>haberet</strong></span> <span class='ocrx_word' id='word_1_59' title='bbox 492 1364 529 1428; x_wconf 90' lang='lat' dir='ltr'><strong>in</strong></span> <span class='ocrx_word' id='word_1_60' title='bbox 542 1381 656 1445; x_wconf 83' lang='lat' dir='ltr'><strong>regno.</strong></span> <span class='ocrx_word' id='word_1_61' title='bbox 700 1362 830 1428; x_wconf 88' lang='lat' dir='ltr'><strong>Verum</strong></span> <span class='ocrx_word' id='word_1_62' title='bbox 845 1383 888 1430; x_wconf 90' lang='lat' dir='ltr'><strong>ne</strong></span> <span class='ocrx_word' id='word_1_63' title='bbox 903 1382 964 1446; x_wconf 88' lang='lat' dir='ltr'><strong>per</strong></span> <span class='ocrx_word' id='word_1_64' title='bbox 977 1363 1211 1430; x_wconf 89' lang='lat' dir='ltr'><strong>huiuscemodi</strong></span> <span class='ocrx_word' id='word_1_65' title='bbox 1227 1363 1337 1428; x_wconf 88' lang='lat' dir='ltr'><strong>disso-</strong></span> 
     </span>
     <span class='ocr_line' id='line_1_10' title="bbox 338 1463 1337 1547; baseline -0.003 -16"><span class='ocrx_word' id='word_1_66' title='bbox 338 1466 494 1531; x_wconf 89' lang='lat' dir='ltr'><strong>nantiam</strong></span> <span class='ocrx_word' id='word_1_67' title='bbox 509 1484 600 1530; x_wconf 87' lang='lat' dir='ltr'><strong>error</strong></span> <span class='ocrx_word' id='word_1_68' title='bbox 614 1465 823 1547; x_wconf 86' lang='lat' dir='ltr'><strong>temporibus</strong></span> <span class='ocrx_word' id='word_1_69' title='bbox 837 1464 1049 1543; x_wconf 84' lang='lat' dir='ltr'><strong>inolesceret,</strong></span> <span class='ocrx_word' id='word_1_70' title='bbox 1065 1471 1260 1532; x_wconf 88' lang='lat' dir='ltr'><strong>statuerunt</strong></span> <span class='ocrx_word' id='word_1_71' title='bbox 1279 1463 1337 1528; x_wconf 90' lang='lat' dir='ltr'><strong>In-</strong></span> 
     </span>
     <span class='ocr_line' id='line_1_11' title="bbox 338 1566 1338 1649; baseline 0 -17"><span class='ocrx_word' id='word_1_72' title='bbox 338 1566 521 1644; x_wconf 90' lang='lat' dir='ltr'><strong>dictiones,</strong></span> <span class='ocrx_word' id='word_1_73' title='bbox 534 1566 659 1649; x_wconf 88' lang='lat' dir='ltr'><strong>quibus</strong></span> <span class='ocrx_word' id='word_1_74' title='bbox 674 1574 816 1649; x_wconf 86' lang='lat' dir='ltr'><strong>vterque</strong></span> <span class='ocrx_word' id='word_1_75' title='bbox 837 1567 991 1649; x_wconf 83' lang='lat' dir='ltr'><strong>scriptor,</strong></span> <span class='ocrx_word' id='word_1_76' title='bbox 1004 1567 1073 1631; x_wconf 90' lang='lat' dir='ltr'><strong>imo</strong></span> <span class='ocrx_word' id='word_1_77' title='bbox 1092 1567 1196 1632; x_wconf 91' lang='lat' dir='ltr'><strong>etiam</strong></span> <span class='ocrx_word' id='word_1_78' title='bbox 1216 1566 1338 1648; x_wconf 86' lang='lat' dir='ltr'><strong>vulgus</strong></span> 
     </span>
     <span class='ocr_line' id='line_1_12' title="bbox 340 1666 1338 1750; baseline 0 -16"><span class='ocrx_word' id='word_1_79' title='bbox 340 1687 452 1745; x_wconf 90' lang='lat' dir='ltr'><strong>omne,</strong></span> <span class='ocrx_word' id='word_1_80' title='bbox 479 1674 669 1749; x_wconf 88' lang='lat' dir='ltr'><strong>temporum</strong></span> <span class='ocrx_word' id='word_1_81' title='bbox 696 1685 833 1731; x_wconf 88' lang='lat' dir='ltr'><strong>cursum</strong></span> <span class='ocrx_word' id='word_1_82' title='bbox 864 1666 1026 1732; x_wconf 81' lang='lat' dir='ltr'><strong>facillime</strong></span> <span class='ocrx_word' id='word_1_83' title='bbox 1059 1675 1223 1745; x_wconf 88' lang='lat' dir='ltr'><strong>seruaret,</strong></span> <span class='ocrx_word' id='word_1_84' title='bbox 1250 1687 1338 1750; x_wconf 91' lang='lat' dir='ltr'><strong>quas</strong></span> 
     </span>
     <span class='ocr_line' id='line_1_13' title="bbox 339 1767 1339 1853; baseline -0.004 -17"><span class='ocrx_word' id='word_1_85' title='bbox 339 1789 402 1853; x_wconf 88' lang='lat' dir='ltr'><strong>pro</strong></span> <span class='ocrx_word' id='word_1_86' title='bbox 421 1769 588 1834; x_wconf 82' lang='lat' dir='ltr'><strong>facilitate</strong></span> <span class='ocrx_word' id='word_1_87' title='bbox 609 1787 745 1851; x_wconf 90' lang='lat' dir='ltr'><strong>quoque</strong></span> <span class='ocrx_word' id='word_1_88' title='bbox 765 1767 959 1834; x_wconf 84' lang='lat' dir='ltr'><strong>calculandi</strong></span> <span class='ocrx_word' id='word_1_89' title='bbox 976 1768 1170 1850; x_wconf 88' lang='lat' dir='ltr'><strong>quindecim</strong></span> <span class='ocrx_word' id='word_1_90' title='bbox 1188 1787 1265 1834; x_wconf 88' lang='lat' dir='ltr'><strong>esse</strong></span> <span class='ocrx_word' id='word_1_91' title='bbox 1279 1788 1339 1833; x_wconf 88' lang='lat' dir='ltr'><strong>ve-</strong></span> 
     </span>
     <span class='ocr_line' id='line_1_14' title="bbox 339 1868 1338 1953; baseline -0.002 -17"><span class='ocrx_word' id='word_1_92' title='bbox 339 1872 485 1949; x_wconf 92' lang='lat' dir='ltr'><strong>luerunt,</strong></span> <span class='ocrx_word' id='word_1_93' title='bbox 511 1877 550 1934; x_wconf 85' lang='lat' dir='ltr'><strong>ut</strong></span> <span class='ocrx_word' id='word_1_94' title='bbox 577 1868 780 1953; x_wconf 89' lang='lat' dir='ltr'><strong>planissimo</strong></span> <span class='ocrx_word' id='word_1_95' title='bbox 805 1887 955 1945; x_wconf 88' lang='lat' dir='ltr'><strong>numere,</strong></span> <span class='ocrx_word' id='word_1_96' title='bbox 982 1876 1018 1934; x_wconf 91' lang='lat' dir='ltr'><strong>et</strong></span> <span class='ocrx_word' id='word_1_97' title='bbox 1043 1868 1087 1933; x_wconf 90' lang='lat' dir='ltr'><strong>ad</strong></span> <span class='ocrx_word' id='word_1_98' title='bbox 1110 1869 1338 1952; x_wconf 85' lang='lat' dir='ltr'><strong>multiplican-</strong></span> 
     </span>
     <span class='ocr_line' id='line_1_15' title="bbox 340 1968 1339 2055; baseline -0.001 -18"><span class='ocrx_word' id='word_1_99' title='bbox 340 1973 420 2037; x_wconf 91' lang='lat' dir='ltr'><strong>dum</strong></span> <span class='ocrx_word' id='word_1_100' title='bbox 431 1971 698 2055; x_wconf 87' lang='lat' dir='ltr'><strong>promptissimo,</strong></span> <span class='ocrx_word' id='word_1_101' title='bbox 709 1968 985 2052; x_wconf 88' lang='lat' dir='ltr'><strong>compendiosius</strong></span> <span class='ocrx_word' id='word_1_102' title='bbox 998 1969 1165 2036; x_wconf 87' lang='lat' dir='ltr'><strong>transacti</strong></span> <span class='ocrx_word' id='word_1_103' title='bbox 1175 1971 1339 2052; x_wconf 86' lang='lat' dir='ltr'><strong>temporis</strong></span> 
     </span>
     <span class='ocr_line' id='line_1_16' title="bbox 282 2069 1339 2155; baseline -0.004 -13"><span class='ocrx_word' id='word_1_104' title='bbox 282 2117 287 2124; x_wconf 88' lang='lat'>.</span> <span class='ocrx_word' id='word_1_105' title='bbox 340 2081 453 2142; x_wconf 86' lang='lat' dir='ltr'><strong>status</strong></span> <span class='ocrx_word' id='word_1_106' title='bbox 474 2074 511 2137; x_wconf 91' lang='lat' dir='ltr'><strong>in</strong></span> <span class='ocrx_word' id='word_1_107' title='bbox 536 2073 731 2136; x_wconf 88' lang='lat' dir='ltr'><strong>memoriam</strong></span> <span class='ocrx_word' id='word_1_108' title='bbox 751 2072 862 2155; x_wconf 90' lang='lat' dir='ltr'><strong>possit</strong></span> <span class='ocrx_word' id='word_1_109' title='bbox 881 2071 1008 2138; x_wconf 87' lang='lat' dir='ltr'><strong>reduci.</strong></span> <span class='ocrx_word' id='word_1_110' title='bbox 1053 2069 1204 2150; x_wconf 85' lang='lat' dir='ltr'><strong>Quidam</strong></span> <span class='ocrx_word' id='word_1_111' title='bbox 1222 2079 1339 2138; x_wconf 87' lang='lat' dir='ltr'><strong>autem</strong></span> 
     </span>
     <span class='ocr_line' id='line_1_17' title="bbox 340 2173 1339 2259; baseline 0.001 -19"><span class='ocrx_word' id='word_1_112' title='bbox 340 2181 477 2259; x_wconf 91' lang='lat' dir='ltr'><strong>putant,</strong></span> <span class='ocrx_word' id='word_1_113' title='bbox 504 2175 587 2257; x_wconf 91' lang='lat' dir='ltr'><strong>quia</strong></span> <span class='ocrx_word' id='word_1_114' title='bbox 618 2173 792 2257; x_wconf 90' lang='lat' dir='ltr'><strong>quondam</strong></span> <span class='ocrx_word' id='word_1_115' title='bbox 819 2174 856 2238; x_wconf 92' lang='lat' dir='ltr'><strong>in</strong></span> <span class='ocrx_word' id='word_1_116' title='bbox 885 2173 1062 2256; x_wconf 87' lang='lat' dir='ltr'><strong>republica</strong></span> <span class='ocrx_word' id='word_1_117' title='bbox 1091 2181 1172 2255; x_wconf 89' lang='lat' dir='ltr'><strong>post</strong></span> <span class='ocrx_word' id='word_1_118' title='bbox 1198 2191 1339 2240; x_wconf 89' lang='lat' dir='ltr'><strong>censum</strong></span> 
     </span>
     <span class='ocr_line' id='line_1_18' title="bbox 340 2273 1338 2361; baseline -0.001 -20"><span class='ocrx_word' id='word_1_119' title='bbox 340 2278 462 2361; x_wconf 90' lang='lat' dir='ltr'><strong>quinto</strong></span> <span class='ocrx_word' id='word_1_120' title='bbox 485 2294 576 2340; x_wconf 92' lang='lat' dir='ltr'><strong>anno</strong></span> <span class='ocrx_word' id='word_1_121' title='bbox 599 2281 788 2357; x_wconf 85' lang='lat' dir='ltr'><strong>peractum,</strong></span> <span class='ocrx_word' id='word_1_122' title='bbox 806 2273 1035 2342; x_wconf 85' lang='lat' dir='ltr'><strong>VrbsRama</strong></span> <span class='ocrx_word' id='word_1_123' title='bbox 1052 2273 1274 2354; x_wconf 82' lang='lat' dir='ltr'><strong>lustrabatur,</strong></span> <span class='ocrx_word' id='word_1_124' title='bbox 1294 2275 1338 2340; x_wconf 87' lang='lat' dir='ltr'><strong>ad</strong></span> 
     </span>
     <span class='ocr_line' id='line_1_19' title="bbox 340 2375 1338 2444; baseline 0.001 -1"><span class='ocrx_word' id='word_1_125' title='bbox 340 2378 505 2444; x_wconf 90' lang='lat' dir='ltr'><strong>indicium</strong></span> <span class='ocrx_word' id='word_1_126' title='bbox 534 2383 641 2442; x_wconf 86' lang='lat' dir='ltr'><strong>ternae</strong></span> <span class='ocrx_word' id='word_1_127' title='bbox 669 2375 884 2444; x_wconf 87' lang='lat' dir='ltr'><strong>lustrationis</strong></span> <span class='ocrx_word' id='word_1_128' title='bbox 910 2384 945 2443; x_wconf 91' lang='lat' dir='ltr'><strong>et</strong></span> <span class='ocrx_word' id='word_1_129' title='bbox 973 2395 1097 2442; x_wconf 89' lang='lat' dir='ltr'><strong>census</strong></span> <span class='ocrx_word' id='word_1_130' title='bbox 1127 2375 1338 2444; x_wconf 85' lang='lat' dir='ltr'><strong>Indictienes</strong></span> 
     </span>
     <span class='ocr_line' id='line_1_20' title="bbox 341 2475 1339 2572; baseline 0 -27"><span class='ocrx_word' id='word_1_131' title='bbox 341 2499 418 2545; x_wconf 87' lang='lat' dir='ltr'><strong>esse</strong></span> <span class='ocrx_word' id='word_1_132' title='bbox 433 2477 601 2543; x_wconf 88' lang='lat' dir='ltr'><strong>conditas.</strong></span> <span class='ocrx_word' id='word_1_133' title='bbox 645 2475 821 2561; x_wconf 87' lang='lat' dir='ltr'><strong>Incipiunt</strong></span> <span class='ocrx_word' id='word_1_134' title='bbox 836 2487 951 2546; x_wconf 89' lang='lat' dir='ltr'><strong>autem</strong></span> <span class='ocrx_word' id='word_1_135' title='bbox 965 2478 1179 2546; x_wconf 88' lang='lat' dir='ltr'><strong>Indictiones</strong></span> <span class='ocrx_word' id='word_1_136' title='bbox 1192 2480 1237 2545; x_wconf 91' lang='lat' dir='ltr'><strong>ab</strong></span> <span class='ocrx_word' id='word_1_137' title='bbox 1253 2497 1339 2572; x_wconf 79' lang='lat' dir='ltr'><strong>vrri.</strong></span> 
     </span>
     <span class='ocr_line' id='line_1_21' title="bbox 340 2579 1156 2664; baseline -0.001 -18"><span class='ocrx_word' id='word_1_138' title='bbox 340 2581 514 2648; x_wconf 65' lang='lat' dir='ltr'><strong>(lelandus</strong></span> <span class='ocrx_word' id='word_1_139' title='bbox 530 2579 701 2658; x_wconf 87' lang='lat' dir='ltr'><strong>Octobris,</strong></span> <span class='ocrx_word' id='word_1_140' title='bbox 715 2579 909 2664; x_wconf 87' lang='lat' dir='ltr'><strong>ibidemque</strong></span> <span class='ocrx_word' id='word_1_141' title='bbox 923 2582 1156 2648; x_wconf 86' lang='lat' dir='ltr'><strong>terminantur.</strong></span> 
     </span>
     <span class='ocr_line' id='line_1_22' title="bbox 723 2681 1296 2765; baseline 0.007 -19"><span class='ocrx_word' id='word_1_142' title='bbox 723 2681 778 2746; x_wconf 90' lang='lat' dir='ltr'><strong>De</strong></span> <span class='ocrx_word' id='word_1_143' title='bbox 793 2682 929 2749; x_wconf 85' lang='lat' dir='ltr'><strong>Natura</strong></span> <span class='ocrx_word' id='word_1_144' title='bbox 942 2681 1081 2762; x_wconf 88' lang='lat' dir='ltr'><strong>Rerum,</strong></span> <span class='ocrx_word' id='word_1_145' title='bbox 1095 2701 1171 2765; x_wconf 89' lang='lat' dir='ltr'><strong>cap.</strong></span> <span class='ocrx_word' id='word_1_146' title='bbox 1187 2682 1296 2750; x_wconf 83' lang='lat' dir='ltr'><strong>xlviii.</strong></span> 
     </span>
    </p>

    <p class='ocr_par' dir='ltr' id='par_1_5' title="bbox 344 2781 1341 3070">
     <span class='ocr_line' id='line_1_23' title="bbox 386 2781 1341 2864; baseline 0.004 -16"><span class='ocrx_word' id='word_1_147' title='bbox 386 2781 467 2848; x_wconf 80' lang='lat' dir='ltr'><strong>And</strong></span> <span class='ocrx_word' id='word_1_148' title='bbox 485 2782 578 2846; x_wconf 86' lang='lat' dir='ltr'><strong>close</strong></span> <span class='ocrx_word' id='word_1_149' title='bbox 599 2801 692 2864; x_wconf 89' lang='lat' dir='ltr'><strong>upon</strong></span> <span class='ocrx_word' id='word_1_150' title='bbox 711 2781 807 2850; x_wconf 88' lang='lat' dir='ltr'><strong>these</strong></span> <span class='ocrx_word' id='word_1_151' title='bbox 826 2782 938 2848; x_wconf 89' lang='lat' dir='ltr'><strong>words</strong></span> <span class='ocrx_word' id='word_1_152' title='bbox 959 2781 1092 2850; x_wconf 79' lang='lat' dir='ltr'><strong>follows</strong></span> <span class='ocrx_word' id='word_1_153' title='bbox 1111 2783 1170 2852; x_wconf 83' lang='lat' dir='ltr'><strong>the</strong></span> <span class='ocrx_word' id='word_1_154' title='bbox 1191 2785 1264 2852; x_wconf 85' lang='lat' dir='ltr'><strong>rule</strong></span> <span class='ocrx_word' id='word_1_155' title='bbox 1286 2784 1341 2852; x_wconf 82' lang='lat' dir='ltr'><strong>sor</strong></span> 
     </span>
     <span class='ocr_line' id='line_1_24' title="bbox 344 2881 1341 2969; baseline 0.006 -21"><span class='ocrx_word' id='word_1_156' title='bbox 344 2883 472 2966; x_wconf 86' lang='lat' dir='ltr'><strong>finding</strong></span> <span class='ocrx_word' id='word_1_157' title='bbox 487 2883 545 2947; x_wconf 90' lang='lat' dir='ltr'><strong>the</strong></span> <span class='ocrx_word' id='word_1_158' title='bbox 563 2883 740 2961; x_wconf 89' lang='lat' dir='ltr'><strong>indiction,</strong></span> <span class='ocrx_word' id='word_1_159' title='bbox 753 2882 865 2949; x_wconf 88' lang='lat' dir='ltr'><strong>which</strong></span> <span class='ocrx_word' id='word_1_160' title='bbox 884 2881 927 2948; x_wconf 93' lang='lat' dir='ltr'><strong>he</strong></span> <span class='ocrx_word' id='word_1_161' title='bbox 946 2884 1041 2967; x_wconf 77' lang='lat' dir='ltr'><strong>gives</strong></span> <span class='ocrx_word' id='word_1_162' title='bbox 1059 2887 1096 2950; x_wconf 93' lang='lat' dir='ltr'><strong>in</strong></span> <span class='ocrx_word' id='word_1_163' title='bbox 1115 2885 1173 2951; x_wconf 89' lang='lat' dir='ltr'><strong>the</strong></span> <span class='ocrx_word' id='word_1_164' title='bbox 1190 2886 1341 2969; x_wconf 87' lang='lat' dir='ltr'><strong>plainest</strong></span> 
     </span>
     <span class='ocr_line' id='line_1_25' title="bbox 344 2985 1100 3070; baseline 0.009 -21"><span class='ocrx_word' id='word_1_165' title='bbox 344 2992 460 3062; x_wconf 88' lang='lat' dir='ltr'><strong>terms,</strong></span> <span class='ocrx_word' id='word_1_166' title='bbox 474 2985 542 3049; x_wconf 88' lang='lat' dir='ltr'><strong>end</strong></span> <span class='ocrx_word' id='word_1_167' title='bbox 556 2985 701 3050; x_wconf 87' lang='lat' dir='ltr'><strong>without</strong></span> <span class='ocrx_word' id='word_1_168' title='bbox 715 3004 783 3070; x_wconf 87' lang='lat' dir='ltr'><strong>any</strong></span> <span class='ocrx_word' id='word_1_169' title='bbox 796 2985 989 3064; x_wconf 88' lang='lat' dir='ltr'><strong>limitation,</strong></span> <span class='ocrx_word' id='word_1_170' title='bbox 1002 2986 1100 3056; x_wconf 88' lang='lat' dir='ltr'><strong>thus:</strong></span> 
     </span>
    </p>

    <p class='ocr_par' dir='ltr' id='par_1_6' title="bbox 345 3085 1341 3985">
     <span class='ocr_line' id='line_1_26' title="bbox 393 3085 1340 3173; baseline 0.007 -23"><span class='ocrx_word' id='word_1_171' title='bbox 393 3085 474 3152; x_wconf 88' lang='lat' dir='ltr'><strong>Hoc</strong></span> <span class='ocrx_word' id='word_1_172' title='bbox 499 3094 614 3152; x_wconf 89' lang='lat' dir='ltr'><strong>autem</strong></span> <span class='ocrx_word' id='word_1_173' title='bbox 638 3093 837 3168; x_wconf 84' lang='lat' dir='ltr'><strong>argumento</strong></span> <span class='ocrx_word' id='word_1_174' title='bbox 862 3095 969 3170; x_wconf 90' lang='lat' dir='ltr'><strong>quota</strong></span> <span class='ocrx_word' id='word_1_175' title='bbox 994 3089 1040 3154; x_wconf 86' lang='lat' dir='ltr'><strong>sit</strong></span> <span class='ocrx_word' id='word_1_176' title='bbox 1065 3107 1154 3156; x_wconf 89' lang='lat' dir='ltr'><strong>anno</strong></span> <span class='ocrx_word' id='word_1_177' title='bbox 1178 3109 1340 3173; x_wconf 88' lang='lat' dir='ltr'><strong>quocum·</strong></span> 
     </span>
     <span class='ocr_line' id='line_1_27' title="bbox 346 3188 1339 3272; baseline 0.008 -22"><span class='ocrx_word' id='word_1_178' title='bbox 346 3205 412 3270; x_wconf 90' lang='lat' dir='ltr'><strong>que</strong></span> <span class='ocrx_word' id='word_1_179' title='bbox 450 3194 646 3269; x_wconf 88' lang='lat' dir='ltr'><strong>computare</strong></span> <span class='ocrx_word' id='word_1_180' title='bbox 677 3188 826 3256; x_wconf 85' lang='lat' dir='ltr'><strong>volueris</strong></span> <span class='ocrx_word' id='word_1_181' title='bbox 859 3188 1007 3255; x_wconf 90' lang='lat' dir='ltr'><strong>Indictio</strong></span> <span class='ocrx_word' id='word_1_182' title='bbox 1040 3191 1207 3272; x_wconf 84' lang='lat' dir='ltr'><strong>reperies:</strong></span> <span class='ocrx_word' id='word_1_183' title='bbox 1242 3211 1339 3258; x_wconf 88' lang='lat' dir='ltr'><strong>sume</strong></span> 
     </span>
     <span class='ocr_line' id='line_1_28' title="bbox 345 3289 1340 3377; baseline 0.006 -23"><span class='ocrx_word' id='word_1_184' title='bbox 345 3306 455 3354; x_wconf 87' lang='lat' dir='ltr'><strong>annes</strong></span> <span class='ocrx_word' id='word_1_185' title='bbox 477 3289 521 3354; x_wconf 91' lang='lat' dir='ltr'><strong>ab</strong></span> <span class='ocrx_word' id='word_1_186' title='bbox 542 3289 776 3356; x_wconf 79' lang='lat' dir='ltr'><strong>incarnatione</strong></span> <span class='ocrx_word' id='word_1_187' title='bbox 799 3291 939 3358; x_wconf 90' lang='lat' dir='ltr'><strong>Domini</strong></span> <span class='ocrx_word' id='word_1_188' title='bbox 962 3299 1133 3377; x_wconf 87' lang='lat' dir='ltr'><strong>quotquot</strong></span> <span class='ocrx_word' id='word_1_189' title='bbox 1156 3291 1283 3360; x_wconf 82' lang='lat' dir='ltr'><strong>luerim</strong></span> <span class='ocrx_word' id='word_1_190' title='bbox 1303 3295 1340 3360; x_wconf 92' lang='lat' dir='ltr'><strong>in</strong></span> 
     </span>
     <span class='ocr_line' id='line_1_29' title="bbox 345 3390 1341 3477; baseline 0.006 -21"><span class='ocrx_word' id='word_1_191' title='bbox 345 3390 518 3474; x_wconf 81' lang='lat' dir='ltr'><strong>praesenti,</strong></span> <span class='ocrx_word' id='word_1_192' title='bbox 542 3390 637 3456; x_wconf 84' lang='lat' dir='ltr'><strong>verbi</strong></span> <span class='ocrx_word' id='word_1_193' title='bbox 661 3391 773 3474; x_wconf 70' lang='lat' dir='ltr'><strong>gratia</strong></span> <span class='ocrx_word' id='word_1_194' title='bbox 799 3407 972 3470; x_wconf 84' lang='lat' dir='ltr'><strong>nccxxv,</strong></span> <span class='ocrx_word' id='word_1_195' title='bbox 995 3393 1084 3473; x_wconf 84' lang='lat' dir='ltr'><strong>adde</strong></span> <span class='ocrx_word' id='word_1_196' title='bbox 1109 3413 1242 3477; x_wconf 87' lang='lat' dir='ltr'><strong>semper</strong></span> <span class='ocrx_word' id='word_1_197' title='bbox 1262 3396 1341 3476; x_wconf 84' lang='lat' dir='ltr'><strong>tria,</strong></span> 
     </span>
     <span class='ocr_line' id='line_1_30' title="bbox 346 3490 1340 3578; baseline 0.009 -22"><span class='ocrx_word' id='word_1_198' title='bbox 346 3493 429 3574; x_wconf 90' lang='lat' dir='ltr'><strong>quia</strong></span> <span class='ocrx_word' id='word_1_199' title='bbox 445 3498 569 3575; x_wconf 88' lang='lat' dir='ltr'><strong>quarta</strong></span> <span class='ocrx_word' id='word_1_200' title='bbox 590 3490 784 3562; x_wconf 88' lang='lat' dir='ltr'><strong>Indictinne</strong></span> <span class='ocrx_word' id='word_1_201' title='bbox 801 3493 988 3562; x_wconf 89' lang='lat' dir='ltr'><strong>secundum</strong></span> <span class='ocrx_word' id='word_1_202' title='bbox 1011 3493 1214 3578; x_wconf 88' lang='lat' dir='ltr'><strong>Dionysium</strong></span> <span class='ocrx_word' id='word_1_203' title='bbox 1237 3506 1340 3564; x_wconf 87' lang='lat' dir='ltr'><strong>natus</strong></span> 
     </span>
     <span class='ocr_line' id='line_1_31' title="bbox 347 3592 1339 3680; baseline 0.006 -22"><span class='ocrx_word' id='word_1_204' title='bbox 347 3599 401 3658; x_wconf 88' lang='lat' dir='ltr'><strong>est</strong></span> <span class='ocrx_word' id='word_1_205' title='bbox 417 3592 596 3672; x_wconf 87' lang='lat' dir='ltr'><strong>Dominus,</strong></span> <span class='ocrx_word' id='word_1_206' title='bbox 611 3593 698 3660; x_wconf 87' lang='lat' dir='ltr'><strong>liunt</strong></span> <span class='ocrx_word' id='word_1_207' title='bbox 718 3611 939 3662; x_wconf 82' lang='lat' dir='ltr'><strong>oecxxvrrr.</strong></span> <span class='ocrx_word' id='word_1_208' title='bbox 956 3595 1029 3661; x_wconf 88' lang='lat' dir='ltr'><strong>baec</strong></span> <span class='ocrx_word' id='word_1_209' title='bbox 1046 3597 1171 3678; x_wconf 86' lang='lat' dir='ltr'><strong>partire</strong></span> <span class='ocrx_word' id='word_1_210' title='bbox 1190 3617 1251 3680; x_wconf 88' lang='lat' dir='ltr'><strong>per</strong></span> <span class='ocrx_word' id='word_1_211' title='bbox 1273 3614 1339 3664; x_wconf 82' lang='lat' dir='ltr'><strong>xv.</strong></span> 
     </span>
     <span class='ocr_line' id='line_1_32' title="bbox 346 3694 1341 3780; baseline 0.007 -23"><span class='ocrx_word' id='word_1_212' title='bbox 346 3694 545 3776; x_wconf 89' lang='lat' dir='ltr'><strong>quindecies</strong></span> <span class='ocrx_word' id='word_1_213' title='bbox 570 3696 789 3779; x_wconf 79' lang='lat' dir='ltr'><strong>quadrageni,</strong></span> <span class='ocrx_word' id='word_1_214' title='bbox 808 3698 976 3775; x_wconf 83' lang='lat' dir='ltr'><strong>sexcenti,</strong></span> <span class='ocrx_word' id='word_1_215' title='bbox 997 3698 1195 3780; x_wconf 84' lang='lat' dir='ltr'><strong>quindecies</strong></span> <span class='ocrx_word' id='word_1_216' title='bbox 1214 3700 1341 3776; x_wconf 88' lang='lat' dir='ltr'><strong>octoni,</strong></span> 
     </span>
     <span class='ocr_line' id='line_1_33' title="bbox 346 3796 1341 3872; baseline 0.006 -12"><span class='ocrx_word' id='word_1_217' title='bbox 346 3796 486 3872; x_wconf 88' lang='lat' dir='ltr'><strong>centies,</strong></span> <span class='ocrx_word' id='word_1_218' title='bbox 499 3805 675 3862; x_wconf 89' lang='lat' dir='ltr'><strong>remanent</strong></span> <span class='ocrx_word' id='word_1_219' title='bbox 690 3804 789 3863; x_wconf 89' lang='lat' dir='ltr'><strong>octo:</strong></span> <span class='ocrx_word' id='word_1_220' title='bbox 811 3805 937 3865; x_wconf 89' lang='lat' dir='ltr'><strong>octaua</strong></span> <span class='ocrx_word' id='word_1_221' title='bbox 951 3805 1005 3866; x_wconf 89' lang='lat' dir='ltr'><strong>est</strong></span> <span class='ocrx_word' id='word_1_222' title='bbox 1015 3798 1175 3866; x_wconf 88' lang='lat' dir='ltr'><strong>Indictio.</strong></span> <span class='ocrx_word' id='word_1_223' title='bbox 1206 3801 1341 3868; x_wconf 86' lang='lat' dir='ltr'><strong>Slvere</strong></span> 
     </span>
     <span class='ocr_line' id='line_1_34' title="bbox 347 3895 1297 3985; baseline 0.006 -25"><span class='ocrx_word' id='word_1_224' title='bbox 347 3895 430 3962; x_wconf 89' lang='lat' dir='ltr'><strong>nihil</strong></span> <span class='ocrx_word' id='word_1_225' title='bbox 445 3897 657 3975; x_wconf 87' lang='lat' dir='ltr'><strong>remanserit,</strong></span> <span class='ocrx_word' id='word_1_226' title='bbox 673 3898 928 3984; x_wconf 91' lang='lat' dir='ltr'><strong>decimaquinta</strong></span> <span class='ocrx_word' id='word_1_227' title='bbox 940 3907 1004 3968; x_wconf 90' lang='lat' dir='ltr'><strong>est.</strong></span> <span class='ocrx_word' id='word_1_228' title='bbox 1111 3901 1197 3985; x_wconf 86' lang='lat' dir='ltr'><strong>Cap.</strong></span> <span class='ocrx_word' id='word_1_229' title='bbox 1211 3903 1297 3970; x_wconf 84' lang='lat' dir='ltr'><strong>xlix.</strong></span> 
     </span>
    </p>

    <p class='ocr_par' dir='ltr' id='par_1_7' title="bbox 347 3996 1342 4188">
     <span class='ocr_line' id='line_1_35' title="bbox 389 3996 1341 4086; baseline 0.008 -24"><span class='ocrx_word' id='word_1_230' title='bbox 389 3996 514 4079; x_wconf 71' lang='lat' dir='ltr'><strong>again,</strong></span> <span class='ocrx_word' id='word_1_231' title='bbox 526 3997 562 4062; x_wconf 92' lang='lat' dir='ltr'><strong>in</strong></span> <span class='ocrx_word' id='word_1_232' title='bbox 577 3997 634 4064; x_wconf 89' lang='lat' dir='ltr'><strong>the</strong></span> <span class='ocrx_word' id='word_1_233' title='bbox 648 3998 737 4066; x_wconf 90' lang='lat' dir='ltr'><strong>little</strong></span> <span class='ocrx_word' id='word_1_234' title='bbox 749 4001 889 4067; x_wconf 88' lang='lat' dir='ltr'><strong>treatise</strong></span> <span class='ocrx_word' id='word_1_235' title='bbox 900 4001 954 4066; x_wconf 91' lang='lat' dir='ltr'><strong>De</strong></span> <span class='ocrx_word' id='word_1_236' title='bbox 966 3999 1115 4068; x_wconf 89' lang='lat' dir='ltr'><strong>Ratione</strong></span> <span class='ocrx_word' id='word_1_237' title='bbox 1125 3997 1341 4086; x_wconf 86' lang='lat' dir='ltr'><strong>Temporum,</strong></span> 
     </span>
     <span class='ocr_line' id='line_1_36' title="bbox 347 4097 1342 4188; baseline 0.011 -27"><span class='ocrx_word' id='word_1_238' title='bbox 347 4115 424 4183; x_wconf 86' lang='lat' dir='ltr'><strong>cap.</strong></span> <span class='ocrx_word' id='word_1_239' title='bbox 439 4097 510 4176; x_wconf 86' lang='lat' dir='ltr'><strong>xiv,</strong></span> <span class='ocrx_word' id='word_1_240' title='bbox 539 4097 581 4162; x_wconf 91' lang='lat' dir='ltr'><strong>he</strong></span> <span class='ocrx_word' id='word_1_241' title='bbox 611 4117 691 4182; x_wconf 85' lang='lat' dir='ltr'><strong>says</strong></span> <span class='ocrx_word' id='word_1_242' title='bbox 719 4100 868 4185; x_wconf 85' lang='lat' dir='ltr'><strong>plainly:</strong></span> <span class='ocrx_word' id='word_1_243' title='bbox 898 4102 936 4170; x_wconf 92' lang='lat' dir='ltr'><strong>Si</strong></span> <span class='ocrx_word' id='word_1_244' title='bbox 965 4103 1018 4170; x_wconf 82' lang='lat' dir='ltr'><strong>ris</strong></span> <span class='ocrx_word' id='word_1_245' title='bbox 1045 4103 1132 4170; x_wconf 88' lang='lat' dir='ltr'><strong>scire</strong></span> <span class='ocrx_word' id='word_1_246' title='bbox 1160 4112 1267 4188; x_wconf 91' lang='lat' dir='ltr'><strong>quota</strong></span> <span class='ocrx_word' id='word_1_247' title='bbox 1295 4107 1342 4172; x_wconf 83' lang='lat' dir='ltr'><strong>sit</strong></span> 
     </span>
    </p>
   </div>
   <div class='ocr_carea' id='block_1_5' title="bbox 0 0 1595 5028">
    <p class='ocr_par' dir='ltr' id='par_1_8' title="bbox 0 0 1595 5028">
     <span class='ocr_line' id='line_1_37' title="bbox 0 0 1595 5028; baseline 0 0"><span class='ocrx_word' id='word_1_248' title='bbox 0 0 1595 5028; x_wconf 95' lang='lat' dir='ltr'><strong> </strong></span> 
     </span>
    </p>
   </div>
  </div>
 </body>
</html>
