3112 5032
300 383 365 450 136
556 394 729 444 CHARTAE
752 393 1095 446 Anonosnxonlonn.

303 557 423 636 fluuio,
436 577 514 621 cum
535 555 706 620 uniuersis
720 554 881 619 ‘terminis
907 553 980 618 suis
1006 554 1050 618 ad
1077 572 1154 618 earn
1177 553 1242 618 rite
1265 573 1358 618 com·

303 658 511 742 petentibus,
537 676 615 720 cum
638 656 780 738 campis,
809 656 918 733 siluis,
942 655 1064 737 pratis,
1085 655 1239 737 paeonia,
1258 657 1358 750 palu-

306 759 407 824 dibus
429 766 465 822 et
479 758 591 840 aquis,
605 757 695 821 sicut
713 755 797 819 olim
818 756 1014 819 habuerunt
1036 755 1180 819 comites
1203 762 1239 819 et
1263 756 1359 838 prin-

306 859 399 942 cipes
413 878 533 940 regum
549 856 706 934 Cantiae,
723 863 850 919 etcum
864 856 957 920 omni
969 856 1100 919 tributo
1113 855 1206 938 quod
1220 857 1359 937 regibus

306 959 381 1024 iure
393 959 570 1041 competit,
589 957 654 1021 tibi
674 956 863 1020 uenerabili
883 955 1086 1033 Earduulfo,
1106 962 1249 1020 sanctae
1264 955 1359 1020 Hro-

307 1058 414 1124 fensis
439 1057 626 1123 aecclesiae
649 1057 823 1139 episcopo,
846 1056 994 1120 libenter
1006 1056 1041 1118 in
1055 1064 1259 1138 perpetuum
1281 1076 1360 1139 per-

308 1160 411 1225 dono.
458 1159 504 1224 Et
519 1158 677 1222 boccum
702 1175 872 1221 consensu
895 1163 931 1222 et
953 1156 1093 1220 licentia
1113 1155 1361 1239 archiepiscopi

310 1260 420 1325 nostri
440 1256 653 1340 Bregouuini
682 1264 787 1339 atque
811 1256 1004 1320 Heaberhti
1026 1257 1117 1338 regis
1144 1255 1302 1334 Cantiae,
1326 1263 1361 1320 et

310 1360 503 1442 principum
518 1364 726 1436 nostrorum,
749 1363 790 1421 ut
808 1356 1006 1440 possidendi
1028 1356 1084 1420 uel
1106 1356 1289 1433 uendendi,
1305 1357 1362 1420 uel

311 1460 415 1524 etiam
430 1458 589 1522 tradendi
612 1457 804 1540 cuicunque
824 1457 974 1522 uoluerit
996 1455 1139 1520 liberam
1162 1476 1224 1539 per
1247 1457 1364 1520 omnia

311 1560 439 1623 habeat
452 1564 671 1642 potestatem.
717 1557 764 1621 Et
783 1559 866 1640 quia
884 1577 947 1640 pro
967 1557 1076 1640 ipsius
1097 1563 1211 1620 torrae
1232 1576 1363 1621 recom-

311 1659 515 1742 pensatione
545 1658 697 1741 aliquam
724 1665 858 1740 partem
885 1658 1052 1740 pecuniae
1081 1657 1181 1721 nobis
1205 1656 1363 1736 fideliter,

311 1760 458 1823 libenter
472 1758 610 1842 optulit,
623 1758 673 1834 ad·
685 1758 948 1840 promerendam
959 1777 1030 1821 non
1044 1758 1156 1822 solum
1169 1757 1364 1840 specialiter

313 1859 397 1922 mibi
417 1878 438 1922 a
457 1859 595 1923 domino
609 1859 786 1940 pietatem,
808 1858 867 1922 sed
890 1858 1141 1940 indulgentiam
1162 1857 1364 1922 delictorum

314 1959 421 2024 totius
443 1959 556 2042 gentis
578 1966 730 2036 nostrae,
752 1958 927 2035 humiliter
951 1958 1156 2023 dominicam
1179 1963 1364 2022 exorantes

314 2060 544 2138 clementiam,
557 2066 598 2123 ut
611 2059 733 2123 liberet
755 2077 819 2122 nos
839 2078 861 2122 a
883 2058 1044 2140 malignis
1059 2057 1236 2140 spiritibus
1251 2065 1287 2122 et
1300 2059 1363 2121 inr-

313 2160 472 2242 portunis
500 2167 535 2224 et
564 2159 665 2222 malis
692 2158 899 2223 hominibus
943 2158 1124 2222 Terminos
1152 2178 1235 2222 uero
1263 2159 1364 2222 huius

314 2266 428 2324 terrae
441 2258 519 2323 ideo
540 2258 645 2323 latius
668 2278 737 2322 non
759 2258 939 2322 scribimus
963 2259 1045 2342 quia
1069 2258 1220 2341 undique
1242 2260 1286 2322 ab
1311 2259 1364 2321 i'n-

315 2358 399 2424 colis
437 2355 568 2442 absque
601 2359 673 2422 ullo
710 2359 934 2423 dubitationis
968 2359 1129 2442 scrupulo
1159 2359 1244 2423 certi
1273 2365 1364 2422 sunt.

317 2459 524 2541 Quicunque
538 2478 621 2522 uero
636 2459 853 2540 sequentium
868 2479 988 2542 regum
1004 2466 1064 2523 aut
1083 2459 1288 2542 principum,
1305 2465 1367 2536 aut

316 2559 440 2641 aliquis
466 2559 635 2624 saeculari
665 2558 774 2624 fretus
803 2566 989 2642 potestate,
1014 2559 1099 2624 haec
1121 2567 1261 2623 nostrae
1283 2559 1366 2623 defi-

317 2660 457 2723 nitionis
479 2659 610 2742 scripta
630 2659 729 2724 irrita
748 2659 872 2736 facere,
892 2659 984 2742 quod
1009 2660 1111 2736 absit,
1133 2659 1228 2722 nisus
1252 2659 1368 2737 luerit,

268 2831 276 2844 ¹
317 2760 407 2823 sciat
432 2778 470 2822 se
499 2759 734 2841 inpraesenti
763 2759 838 2823 uita
868 2760 996 2824 domini
1025 2759 1263 2824 benedictione
1291 2779 1368 2823 esse

318 2859 503 2942 priuatum,
519 2859 608 2922 etin
630 2859 818 2924 nouissima
834 2859 1074 2924 meledictione
1087 2859 1275 2937 subiacere,
1291 2866 1369 2924 uta

319 2959 492 3023 consortio
521 2958 567 3022 sit
593 2966 775 3041 separatus
802 2967 1012 3038 sanctorum,
1035 2967 1070 3024 et
1094 2979 1171 3024 cum
1194 2959 1309 3041 impiis
1333 2966 1370 3023 et

319 3058 556 3142 peccatoribus
593 3058 740 3123 flammis
772 3059 952 3124 ultricibus
989 3079 1065 3124 esse
1101 3060 1369 3142 dampnandum,

321 3166 468 3242 excepto
496 3159 525 3221 si
556 3159 661 3240 digna
697 3158 932 3224 satisfactione
963 3160 1145 3224 emendare
1173 3161 1371 3223 curauorint

321 3258 413 3341 quod
441 3257 559 3340 inique
582 3259 776 3323 temeritate
805 3261 1051 3342 deprauarunt.
1116 3259 1281 3324 Manente
1304 3259 1370 3324 hac

320 3358 454 3422 cartula
478 3357 515 3420 in
543 3377 607 3420 sua
639 3358 859 3423 nihilominus
892 3360 1066 3439 firmitate,
1096 3379 1201 3442 quarn
1229 3360 1372 3444 propria

320 3478 426 3523 manu
451 3476 550 3522 sacro
577 3457 755 3539 signaculo
786 3461 948 3524 roborare
980 3460 1098 3524 curaui
1131 3467 1166 3524 et
1196 3467 1303 3524 testes
1332 3467 1372 3524 ut

320 3559 572 3626 subscriberent
595 3559 728 3638 rogaui,
751 3579 897 3641 quorum
921 3559 1013 3624 inira
1037 3561 1176 3624 nomina
1202 3561 1373 3644 asscripta

319 3665 493 3723 tenentur.
543 3657 681 3740 Scripta
703 3665 756 3722 est
777 3666 893 3724 autem
910 3659 995 3725 haec
1017 3659 1151 3725 cartula
1172 3661 1208 3723 in
1230 3661 1373 3724 ciuitate

320 3757 529 3836 Dorouerni,
565 3776 655 3822 anno
689 3758 879 3846 dominicae
904 3760 1150 3825 incarnationis
1179 3777 1379 3826 occurrunt

319 3859 390 3924 ind.
407 3876 448 3924 11.

326 3998 328 4004 ·
375 3960 415 4039 ›1‹
433 3958 509 4040 Ego
525 3957 615 4035 Offa,
630 3977 694 4021 rex
716 3958 937 4038 Merciorum,
959 3980 1065 4043 supra
1087 3961 1249 4043 scriptam
1266 3959 1376 4024 dona-

321 4059 448 4122 tionem
463 4065 568 4141 atque
581 4059 787 4139 emptionem
803 4060 903 4143 signo
917 4068 1059 4125 sanctae
1074 4061 1186 4125 crucis
1200 4060 1375 4125 roboraui.

326 4158 366 4238 ›1‹
384 4157 461 4240 Ego
483 4158 726 4241 Bregouuinus
749 4161 1040 4253 archiepiscopus,
1060 4162 1160 4226 iuxta
1174 4161 1377 4244 petitionem
