3168 5028
610 505 917 552 turnonucrrou.
1019 573 1023 582 .
1230 490 1266 552 lv

269 711 271 716 .
308 661 340 726 6.
361 661 451 730 hanc
478 662 691 746 eandemque
716 662 935 727 donationem
962 670 1114 726 nostram
1140 660 1265 728 histius

266 765 488 848 suprascripti
509 774 617 830 terrae
637 783 699 846 ego
716 762 861 845 Uuiglhf
875 784 937 828 rex
952 784 1029 828 curn
1049 764 1264 847 sapientibus
1374 814 1382 826 ,

265 866 386 934 meis..
397 912 406 929 .
417 888 455 933 .a
466 875 570 951 pastu
579 886 695 950 regum
705 867 761 932 uel
772 866 966 949 principum
975 886 1035 932 seu
1047 866 1266 948 praefectum,

266 967 309 1030 ab
323 970 482 1053 omnique
496 970 665 1034 saeculari
680 969 855 1046 seruitute,
868 969 960 1034 notis
976 975 1010 1034 et
1023 969 1160 1050 ignotis,
1171 969 1265 1036 intus

265 1076 301 1132 et
313 1069 405 1136 foras
420 1073 584 1150 liberabo,
598 1073 666 1136 nisi
680 1071 734 1136 bis
749 1077 884 1136 tantum
899 1071 1026 1147 causis,
1040 1078 1107 1136 etc.

803 1180 805 1184 '
978 1171 1130 1254 Uulglhf,
1145 1172 1220 1238 831.

307 1275 337 1338 7.
361 1282 396 1339 et
409 1275 503 1338 illam
518 1285 640 1340 terram
655 1275 756 1338 trium
771 1274 981 1341 manentium
996 1275 1032 1338 in
1043 1273 1264 1356 Beonotlege,

264 1377 300 1438 in
313 1376 524 1440 occidentale
539 1377 642 1458 plaga
660 1376 836 1454 Sabrinae,
850 1377 954 1440 etiam
972 1377 1124 1440 liberabo
1144 1396 1166 1441 a
1184 1394 1265 1460 pas-

264 1483 330 1542 cua
345 1496 524 1559 porcorum
537 1477 627 1559 regis
643 1477 735 1559 quod
750 1478 964 1542 nominamus
979 1477 1188 1544 searnleswe.

968 1578 1132 1662 Burgred,
1146 1580 1219 1644 855.
1256 1587 1259 1592 ’

307 1679 338 1742 8.
371 1679 523 1746 liberabo
556 1674 639 1744 illud
668 1679 945 1765 (monasterium)
973 1702 995 1748 a
1022 1690 1126 1765 pastu
1155 1690 1190 1748 et
1220 1683 1263 1748 ab

263 1781 448 1846 refectione
467 1782 615 1848 omnium
641 1783 832 1865 anciptrum
855 1790 891 1848 et
916 1782 1089 1848 falconum
1112 1783 1149 1848 iu
1175 1792 1264 1850 terra

264 1881 507 1959 Marcensiunu
520 1889 565 1970 et
587 1885 736 1950 omnium
759 1890 959 1950 aenatorum
979 1885 1068 1967 regis
1091 1885 1147 1950 uel
1172 1887 1263 1969 prin-

263 1985 361 2068 cipie,
375 1985 443 2048 nisi
460 1987 611 2070 ipsorum
627 1993 761 2050 tantum
775 1986 835 2070 qui
850 1988 886 2051 in
903 1987 1080 2069 prouincia
1098 1987 1263 2052 Huiceio-

262 2106 336 2150 rum
361 2095 452 2163 sunt,
474 2087 579 2151 etiam
604 2088 759 2153 similiter
782 2097 819 2155 et
844 2110 865 2154 a
890 2097 994 2172 pastu
1021 2096 1056 2154 et
1078 2088 1263 2156 refectione

260 2187 395 2253 illorum
414 2187 586 2252 bominum
608 2209 696 2273 quos
718 2191 891 2255 Saxonice
918 2191 1132 2256 nominamus
1158 2191 1263 2258 walh-

261 2289 381 2355 foereld
401 2290 469 2353 and
488 2289 717 2374 heornfesting
736 2318 755 2376 Ἰ
775 2292 869 2357 ealra
881 2292 1122 2377 Angelcynnes
1137 2313 1264 2359 monna

261 2415 280 2471 Ἰ
296 2381 597 2475 alpeodigrarade
606 2392 774 2474 faestinge,
786 2401 857 2458 tam
871 2395 1035 2458 nobilium
1049 2415 1151 2478 quam
1167 2395 1262 2477 igno-

261 2492 390 2556 bilium.
962 2495 1215 2577 Burgred,855.

303 2693 396 2758 unat
414 2693 471 2760 the
492 2695 717 2778 Anglosaxon
742 2695 843 2776 linge
863 2696 984 2763 should
1007 2697 1094 2763 have
1114 2698 1259 2764 claimed

260 2795 356 2861 these
384 2797 502 2879 rights,
527 2797 720 2863 descended
748 2797 834 2862 from
863 2797 920 2865 the
948 2800 1086 2884 empire,
1106 2800 1178 2864 will
1199 2809 1261 2866 not

260 2899 410 2980 surprise
437 2917 489 2976 ue,
514 2899 613 2964 when
636 2921 688 2967 we
714 2901 871 2966 consider
893 2901 969 2966 that
988 2901 1045 2966 the
1069 2901 1203 2968 Franks
1226 2903 1266 2968 os

260 3000 317 3064 the
342 3001 483 3065 seventh
507 3009 648 3085 century
672 3002 837 3067 admitted
857 3003 959 3067 them.
1004 3003 1160 3068 Maroull
1177 3025 1258 3087 goes

259 3121 300 3165 so
318 3101 370 3168 sar
389 3121 428 3166 as
448 3109 484 3166 to
502 3102 577 3184 give
596 3122 618 3165 a
637 3102 819 3188 formulary
838 3104 890 3170 for
910 3105 970 3170 tbe'
988 3107 1065 3171 writ
1082 3107 1128 3190 by
1148 3105 1258 3172 which

259 3204 340 3289 they
356 3223 443 3269 were
458 3203 667 3269 demanded:

302 3407 366 3470 Ille
382 3407 462 3472 Rex
475 3408 631 3472 omnibus
651 3410 842 3490 agentibus.
887 3409 980 3474 Dum
996 3418 1032 3474 et
1052 3431 1114 3476 nos
1134 3412 1170 3475 in
1190 3411 1258 3476 Dei

257 3510 394 3574 nomine
419 3509 657 3593 Apostolicum
678 3512 787 3574 uirum
813 3512 919 3588 illum,
940 3530 1073 3576 necnon
1095 3520 1131 3576 et
1149 3512 1257 3577 inlus-

258 3619 343 3676 trem
376 3612 485 3675 uirum
521 3613 617 3676 illum
649 3613 803 3695 partibus
834 3612 903 3677 illis
936 3612 1117 3694 legationis
1150 3631 1258 3678 causa

258 3713 454 3791 direximus,
481 3713 559 3777 ideo
583 3714 744 3798 jubemus
778 3723 817 3779 nt
850 3713 935 3778 locis
970 3714 1256 3780 conuenientibus

258 3814 386 3878 eisdem
402 3833 423 3878 a
437 3815 536 3878 nobis
555 3816 688 3880 euectio
705 3815 856 3880 simulet
872 3814 1068 3878 humanitas
1087 3815 1257 3880 ministre-

257 3923 324 3993 tur,
342 3915 406 3979 boc
430 3924 484 3980 est
501 3916 657 3996 ueredOS,
676 3937 738 3981 seu
758 3914 988 3999 paraueredos
1009 3922 1135 3993 tantos,
1155 3918 1255 3998 panis

256 4016 357 4080 nitidi
380 4017 510 4080 modios
536 4024 663 4095 tantos,
687 4019 760 4082 uini
785 4017 917 4081 modios
947 4013 1073 4095 tantos,
1101 4018 1255 4083 ceruisae

257 4119 388 4184 modios
409 4128 534 4196 tantos,
547 4120 635 4184 lardi
654 4120 759 4185 libras
780 4127 908 4196 tantae,
923 4119 1035 4184 carnis
1052 4119 1158 4185 libras
1179 4128 1255 4185 tan·

257 4229 324 4299 tae,
349 4242 472 4305 porcos
491 4228 619 4299 tantos,
640 4230 704 4287 etc.
724 4229 788 4286 etc.
809 4221 1105 4304 etc.....itemque
1125 4224 1254 4288 uictum
