3134 5030
304 421 372 488 302
561 437 732 484 onnam
755 435 1091 485 sscnossxonrcan.

306 617 374 662 non
400 596 525 661 Rahab
551 594 752 671 meretricie,
775 593 835 657 sed
859 592 1361 658 Etheldrithacsanctissimae

306 698 462 780 uirginis,
478 702 648 778 cognatae
668 713 777 772 meae,
793 711 856 778 pro
872 693 991 776 sponsi
1010 693 1065 757 sui
1087 694 1170 775 agni
1192 694 1358 758 immacu-

305 797 369 862 lati
383 817 500 862 amore
516 795 748 879 croylandiae
763 795 929 872 reclusae,
942 801 977 858 et
992 795 1198 876 intempore
1213 795 1359 860 tribula-

306 897 409 962 tionis
435 917 532 962 meae
557 897 668 960 mein
688 895 776 959 cella
798 915 863 958 sua
884 903 1034 978 quatuor
1054 895 1221 960 mensium
1243 897 1358 978 spatio

305 997 567 1081 diligentissime
593 995 836 1061 abscondentis
864 1013 886 1058 a
909 995 997 1058 facie
1026 994 1157 1059 inimici
1185 1002 1219 1060 et
1241 1017 1359 1079 perse-

306 1099 465 1181 quentis;
489 1117 619 1162 memor
637 1096 742 1160 etiam
765 1116 823 1160 ero
839 1095 1042 1179 Babylonis,
1061 1115 1132 1160 non
1148 1097 1253 1159 turris
1275 1117 1359 1160 con-

306 1198 463 1277 fusionis,
494 1198 554 1262 sed
587 1196 826 1262 sanctissimae
857 1197 1045 1260 aecclesiae
1077 1195 1358 1279 GroylandensiS,

305 1319 395 1383 qnae
410 1299 504 1364 terra
515 1297 621 1362 turris
647 1298 691 1362 ad
715 1297 849 1362 coelum
864 1295 1053 1360 ascendens
1074 1296 1203 1378 uigiliis
1225 1305 1260 1361 et
1279 1317 1359 1361 ora-

306 1400 469 1478 tionibus,
483 1397 626 1482 psalmis
646 1404 682 1462 et
700 1397 918 1474 lectionibus,
933 1395 1125 1479 disciplinis
1144 1404 1180 1460 et
1201 1397 1359 1462 afflictio-

308 1500 419 1579 nibuS,
447 1498 622 1565 lachrimis
651 1504 687 1562 et
714 1498 936 1581 singultibus,
958 1497 1173 1562 eleemosinis
1196 1505 1232 1562 et
1254 1498 1358 1562 innn-

307 1601 408 1665 meris
431 1600 507 1664 aliis
522 1597 763 1664 deuotionibus
782 1599 991 1681 pietatisque
1007 1598 1180 1680 operibns,
1195 1617 1258 1680 pro
1280 1619 1358 1662 sae-

305 1700 383 1764 culo
397 1707 577 1784 peccatore
591 1698 813 1764 fortissimam
833 1698 1034 1762 uiolentiam
1054 1717 1162 1780 regno
1182 1699 1358 1762 coelorum

305 1799 432 1882 ingerit
459 1799 514 1863 die
544 1819 585 1865 ac
611 1805 724 1863 nocte.
794 1798 919 1881 Itaque
947 1799 1111 1882 quoniam
1151 1798 1359 1863 uenerabilis

305 1907 405 1982 pater
428 1899 586 1964 dominns
608 1899 800 1964 Sinuardus
822 1901 930 1964 abbas
955 1897 1184 1984 croylandiae
1202 1901 1359 1982 protexit

305 2001 411 2064 mein
424 2000 646 2065 tabernaculo
665 2019 729 2064 suo
751 2001 788 2063 in
807 2000 862 2064 dio
884 1999 1065 2076 malornm,
1083 2000 1201 2064 celans
1223 2019 1265 2064 ac
1286 2001 1357 2065 sal-

304 2119 393 2166 uans
407 2120 429 2164 a
443 2100 530 2165 facie
543 2100 761 2180 tribulantis3
785 2100 877 2164 ultra
891 2099 1074 2184 priuilegia
1087 2119 1240 2164 meorum
1256 2110 1356 2165 ante·

305 2220 479 2266 cessorum
502 2221 623 2284 regum
638 2200 858 2278 Merciorum‚
873 2201 934 2283 qui
953 2200 1166 2284 praedictum
1180 2211 1356 2266 monaste·

304 2302 393 2367 rium
415 2301 521 2366 uariis
542 2299 759 2366 libertatibus
782 2308 819 2366 et
840 2300 993 2365 donariis
1019 2301 1180 2365 nobiliter
1200 2300 1356 2366 illustra-

306 2409 401 2480 runt,
421 2402 527 2466 offero
546 2410 584 2467 et
604 2421 817 2483 egomagno
839 2401 942 2466 altari
965 2401 1133 2485 praedicti
1152 2403 1356 2466 monasterii

305 2501 347 2566 de
369 2509 572 2586 paupertate
598 2521 676 2565 mea
699 2501 841 2565 calicem
868 2521 1021 2578 aureum,
1043 2521 1178 2566 crucem
1201 2521 1356 2581 auream,

305 2609 341 2666 et
352 2603 506 2666 tabulam
521 2601 676 2686 capellae
690 2603 850 2688 propriae
860 2601 996 2666 laminis
1011 2603 1124 2666 aurcis
1140 2601 1356 2680 deauratam,

306 2721 359 2766 me
385 2703 551 2785 profitens
575 2701 687 2766 dictae
709 2702 896 2766 aecclesiae
918 2708 1121 2784 perpetuum
1137 2722 1201 2785 pro
1222 2702 1354 2766 uiribus

305 2802 526 2867 defensorem.
569 2801 717 2885 Insuper
732 2801 904 2885 praecipio
920 2802 1077 2865 omnibus
1092 2803 1258 2866 ministris
1267 2805 1355 2868 meis

304 2921 366 2983 per
383 2903 579 2966 uniuersam
593 2901 761 2966 Merciam
776 2900 986 2979 constitutis,
1001 2903 1093 2984 quod
1108 2901 1226 2966 abbati
1240 2902 1352 2987 Crcy-

305 3001 453 3080 landiae,
467 3002 656 3079 monachis,
676 3011 712 3067 et
731 3003 888 3066 omnibns
901 3001 1067 3066 iratribus
1086 3001 1182 3066 illius
1204 3006 1354 3068 sanctis-

305 3102 383 3165 simi
396 3103 607 3180 monasterii,
623 3122 702 3166 cum
719 3101 763 3166 ad
782 3101 943 3166 ciuitates
957 3109 993 3166 et
1007 3102 1152 3168 castella
1169 3103 1266 3185 regia
1289 3124 1356 3187 pro

305 3221 510 3288 quocunque
539 3203 680 3285 negotio
709 3202 929 3279 accesserint,
954 3209 1130 3286 tamqnam
1153 3203 1354 3269 Unimnndo

303 3303 374 3367 filio
393 3321 482 3382 meo,
497 3304 554 3367 uel
576 3302 672 3381 milri,
685 3303 850 3367 obediant
869 3302 906 3364 in
924 3302 1082 3368 omnibus
1097 3311 1132 3367 et
1145 3303 1356 3383 ministrent,

304 3403 389 3467 nihil
410 3424 473 3487 pro
495 3404 669 3487 expensis,
688 3421 776 3486 quas
797 3403 875 3486 ipsi,
892 3402 948 3466 uel
972 3403 1027 3467 sui
1048 3402 1193 3469 fecerint
1214 3405 1354 3484 ibidem,

304 3505 417 3568 abeis
437 3505 657 3588 accipientes,
676 3505 737 3567 sed
758 3522 836 3567 cum
858 3503 961 3567 litera
981 3503 1038 3567 uel
1059 3505 1161 3586 signo
1181 3504 1354 3570 dictorum

304 3603 560 3682 monachorum,
575 3603 753 3668 archarius
776 3622 872 3667 meus
894 3622 1014 3668 omnes
1039 3623 1211 3688 expensas
1233 3606 1356 3670 huius-

303 3704 407 3781 modi,
422 3725 498 3771 cum
514 3704 598 3769 dicti
618 3705 767 3770 ministri
780 3704 848 3768 mei
861 3707 1177 3783 annumeranerint,
1191 3725 1255 3789 pro
1267 3707 1356 3771 fisco

302 3804 438 3886 integre
450 3806 654 3888 acceptabit

356 3905 447 3970 Uolo
469 3906 574 3970 etiam
593 3913 630 3970 et
653 3905 838 3988 praecipio,
853 3905 944 3988 qnod
970 3905 1165 3988 quicunque
1187 3907 1226 3971 in
1245 3927 1355 3990 regno

303 4024 379 4070 meo
400 4026 463 4089 pro
487 4009 691 4089 quocunque
713 4006 840 4070 delicto
863 4024 942 4069 reus
972 4007 1136 4071 inuentus
1160 4014 1197 4071 et
1218 4007 1354 4089 legibus

303 4106 473 4172 obnoxius
495 4107 610 4184 fuerit,
626 4107 656 4171 si
670 4107 797 4190 fugerit
820 4106 863 4169 ad
885 4106 1014 4170 dictum
1037 4109 1294 4186 monasterium,
1318 4117 1356 4174 et

303 4225 418 4269 coram
433 4209 556 4272 abbate
571 4208 655 4272 dicti
676 4207 887 4285 monasterii,
901 4209 960 4290 qui
984 4228 1046 4290 pro
1067 4216 1221 4290 tompore
1236 4208 1355 4287 inerit,
