3188 5032
299 433 365 500 116
556 444 729 494 essarta
752 439 1095 491 Aseuosnxonrosn.

301 605 435 689 scripsi.
500 605 540 684 ›1‹
571 604 647 686 Ego
677 601 916 668 Uuiohtbrord
947 598 1146 680 subscripsi.
1213 599 1253 678 ›1‹
1284 597 1360 679 Ego

302 704 496 771 Balthhard
511 705 710 787 subscripsi.
769 705 808 784 ›1‹
830 702 907 783 Ego
929 698 1135 765 Badoheard
1159 699 1358 780 subscripsi.

307 809 347 889 ›1‹
364 805 440 886 Ego
457 805 642 888 Beagnoth
658 803 858 885 subscripsi.
915 801 955 883 ›1‹
976 800 1053 881 Ego
1071 799 1260 902 Uualhhun
1278 799 1359 862 sub-

303 924 436 988 scripsi.

771 1045 893 1058 ———

752 1191 917 1257 XCVII.

333 1345 354 1388 *
384 1340 712 1408 AETHILBALD
737 1341 802 1405 OF
827 1339 1036 1418 MERCIA,
1060 1341 1156 1426 Sept.
1171 1341 1227 1421 29,
1249 1344 1325 1407 747.

359 1495 400 1575 ›1‹
422 1493 466 1556 ΙΝ
492 1492 629 1556 nomine
661 1491 790 1555 domini
819 1492 875 1555 dei
900 1492 1085 1556 saluatoris
1114 1493 1224 1556 nostri
1253 1492 1359 1556 Ihesu

306 1590 454 1656 Christi!
511 1592 548 1656 Si
577 1611 733 1673 eaquae
759 1593 916 1674 quisque,
946 1612 1009 1675 pro
1032 1592 1230 1674 recipienda
1252 1593 1359 1657 adeo

306 1692 474 1769 mercede,
497 1692 691 1756 bominibus
714 1692 820 1756 uerbo
843 1711 906 1756 suo
928 1691 1076 1774 largitur
1097 1700 1132 1757 et
1154 1692 1273 1770 donat,
1288 1701 1359 1757 sta·

306 1792 395 1860 bilia
414 1793 541 1874 iugiter
566 1793 761 1875 potuissent
785 1792 921 1869 durare,
946 1812 1244 1874 superuacaneum
1266 1793 1361 1857 uide·

306 1899 402 1959 retur
424 1901 463 1956 ut
485 1892 609 1956 litteris
632 1899 855 1956 narrarentur
876 1911 917 1956 ac
939 1892 1164 1972 fulcirentur3
1193 1893 1254 1956 sed
1279 1893 1361 1956 dum

307 1992 351 2058 ad
375 1993 553 2074 probanda
583 1993 714 2056 donata
743 1992 787 2055 ad
818 1993 1159 2075 conuincendumque
1187 1992 1360 2057 uolentem

307 2092 437 2162 donata
451 2093 650 2174 infringere,
664 2091 749 2155 nibil
761 2111 903 2173 prorsus
917 2093 1091 2160 robustius
1113 2112 1189 2158 esse
1213 2094 1360 2171 uidetur,

308 2211 412 2274 quam
433 2193 629 2257 donationis
653 2193 820 2275 [cartula]
847 2193 1006 2257 manibus
1026 2201 1204 2258 auctorum
1228 2212 1269 2258 ac
1291 2201 1361 2259 tes*

310 2292 396 2356 tium
418 2294 592 2371 roborata,
611 2312 680 2356 non
702 2293 872 2357 immerito
894 2293 1033 2376 plurimi
1055 2301 1192 2376 petunt,
1213 2301 1253 2357 ut
1274 2315 1363 2377 quae

309 2393 359 2461 eis
392 2394 560 2475 praestita
594 2393 821 2456 dinoscuntur
852 2393 1063 2475 paginaliter
1095 2394 1360 2480 confirmentur;

309 2512 456 2576 quorum
504 2493 793 2576 postulationibus
842 2501 940 2557 tanto
987 2494 1148 2558 libentius
1195 2502 1362 2578 tantoque

309 2594 501 2676 promptius
527 2612 715 2658 consensus
741 2594 957 2675 praebendus
985 2602 1050 2672 est,
1076 2602 1207 2677 quanto
1233 2602 1268 2658 et
1294 2595 1363 2660 illis

310 2694 368 2775 qui
382 2701 600 2776 praecatores
622 2700 704 2757 sunt
726 2694 845 2757 utilior
866 2714 920 2757 res
948 2694 1134 2758 secundum
1149 2694 1214 2759 boc
1229 2695 1364 2759 uisibile

310 2794 485 2858 saeculum
508 2813 600 2858 nunc
623 2794 829 2876 impertitur,
845 2802 881 2858 et
894 2794 963 2857 illis
979 2795 1037 2877 qui
1058 2814 1277 2859 concessores
1300 2809 1362 2859 exss·

310 2893 432 2970 istunt,
457 2913 520 2976 pro
550 2894 725 2976 impertito
751 2913 854 2976 opere
882 2895 1034 2976 pietatis,
1062 2896 1199 2960 uberior
1229 2896 1365 2961 fructus

311 2994 499 3058 secundum
525 2994 699 3059 inuisibiie
728 2994 946 3075 postmodum
974 2995 1155 3060 tribuetur.
1229 2995 1362 3074 Quam·

311 3095 428 3158 obrem
450 3114 516 3176 ego
542 3091 791 3159 Aetbelbaldus
808 3115 870 3157 rex
887 3093 1096 3162 Marciorum
1121 3098 1361 3178 praesentibus

311 3195 466 3277 apicibus
497 3194 612 3258 indico
646 3215 700 3258 me
739 3195 949 3259 concessisse
983 3203 1086 3278 atque
1124 3196 1270 3264 donasse
1299 3217 1362 3279 pro

311 3295 446 3358 animae
469 3307 566 3358 mea'e
596 3294 720 3370 salute,
738 3295 939 3359 Mildrithae
959 3296 1141 3377 religiosae
1167 3297 1363 3362 abbatissae

312 3394 453 3477 eiusque
486 3394 673 3458 uenerabili
709 3395 860 3462 familiae
890 3415 979 3478 quae
1007 3416 1077 3460 una
1104 3417 1182 3461 oum
1212 3417 1254 3462 ea
1280 3417 1363 3462 con-

312 3503 471 3560 uersatur
491 3496 528 3558 in
553 3494 673 3563 Insula
696 3495 865 3572 Thaenet,
889 3503 998 3560 totam
1024 3498 1240 3561 exactionem
1263 3499 1363 3562 nauis

310 3615 440 3673 aarum,
450 3595 534 3659 mibi
545 3603 580 3661 et
589 3596 864 3660 antecessoribus
878 3597 963 3659 meis
978 3597 1052 3662 iure
1065 3598 1202 3680 publico
1216 3598 1253 3662 in
1266 3598 1363 3671 Lan-1

312 3695 469 3763 deniensi
508 3703 612 3778 portu
654 3695 750 3778 prius
791 3703 1043 3778 conpetentem,
1079 3697 1365 3780 quemadmodum

312 3796 610 3862 mansuetudinem
640 3803 793 3860 nostram
823 3803 996 3878 rogarent.
1060 3796 1160 3875 Quae
1189 3800 1365 3863 concessio

312 3904 417 3979 atque
428 3896 570 3961 donatio
593 3896 682 3958 utin
697 3905 901 3978 perpetuum
923 3896 1022 3964 firma
1036 3904 1072 3962 et
1086 3899 1220 3963 stabilis
1243 3899 1300 3975 sit,
1315 3900 1365 3963 ita

313 4004 353 4061 ut
377 3997 492 4060 nulius
511 4009 586 4062 eam
609 4015 741 4078 regum,
761 3997 816 4060 uel
839 3997 1057 4078 optimatum,
1077 3998 1134 4062 uel
1157 3998 1365 4065 theloneari-

314 4111 423 4173 orum,
439 4096 495 4161 uel
510 4097 614 4161 etiam
628 4095 801 4162 iuniorum
811 4097 954 4179 quilibet
967 4097 1132 4180 ipsorum,
1146 4099 1183 4164 in
1192 4107 1291 4181 parte
1305 4108 1367 4164 aut

312 4197 349 4271 in
364 4203 450 4273 toto,
465 4199 501 4260 in
515 4198 649 4266 irritum
663 4205 863 4286 praesumat
878 4205 917 4265 ut
933 4199 1044 4280 possit
1064 4198 1245 4277 adducere,
1260 4219 1366 4266 manu
