3112 5032
312 400 378 474 218
565 414 738 464 enarras
760 413 1105 465 ancnossxomcnr.

314 573 415 650 citur,
430 577 470 635 ut
480 577 567 653 puta
583 619 590 635 .
603 590 640 635 x.
655 572 884 648 mansionum,
900 571 945 636 ad
963 569 1219 654 possidendum,
1234 570 1367 635 donan-

314 672 407 749 dum,
424 690 502 734 cum
516 671 674 735 omnibus
697 672 740 735 ad
763 691 801 736 se
818 671 1083 755 pertinentibus,
1099 671 1243 753 campis,
1257 671 1366 749 siluis,

313 772 370 838 uel
393 778 473 854 post
499 789 537 836 se
561 771 822 854 relinquendum
847 772 1051 855 ubicumque
1081 778 1143 836 aut
1164 772 1367 854 cuicumque

313 872 474 948 uoluerit,
489 871 589 935 iuius
609 873 787 955 proprium
801 893 880 936 cum
893 873 1102 937 auctoritate
1128 871 1250 937 harum
1273 872 1367 936 litte-

313 990 430 1036 rarum
454 978 489 1035 et
511 972 793 1056 cirographorum
812 980 869 1037 ast
884 972 976 1037 infra
997 978 1212 1040 caractarum
1226 971 1368 1038 testium

314 1071 493 1148 tradendo,
504 1072 648 1137 firmiter
662 1074 762 1155 signo
777 1073 889 1138 almae
911 1073 1022 1138 crucis
1047 1073 1184 1138 donabo
1207 1079 1243 1136 et
1264 1074 1367 1138 robo-

313 1174 408 1238 rabo.
452 1170 552 1238 Haec
565 1179 683 1237 autem
698 1173 839 1238 donatio
855 1173 892 1237 in
907 1174 992 1238 uilla
1006 1172 1149 1255 puplica
1161 1171 1299 1236 firmata
1311 1177 1368 1236 est

313 1280 349 1338 et
368 1278 509 1356 peracta
525 1319 532 1337 .
549 1292 640 1338 anno
654 1273 845 1338 dominicae
858 1273 1108 1338 incarnationis
1123 1286 1239 1338 necor.
1255 1272 1366 1336 indic-

314 1373 407 1438 tione
422 1390 476 1437 rx.
493 1379 528 1437 et
542 1374 651 1438 nostri
665 1375 793 1456 regalis
808 1373 942 1456 imperii
957 1374 1001 1438 ab
1016 1372 1088 1437 alto
1103 1372 1277 1438 coelorum
1292 1373 1367 1437 cul-

313 1475 405 1537 mine
419 1473 573 1537 concessi
588 1489 657 1538 xu.
706 1474 754 1538 Et
778 1474 867 1538 hauc
890 1473 1112 1539 donationem
1137 1474 1181 1536 ab
1206 1473 1366 1536 omnibus

312 1573 459 1638 terrenis
473 1572 731 1638 difficultatibus
755 1575 909 1638 liberabo
928 1581 1031 1638 extra
1051 1573 1306 1654 expeditionem
1331 1578 1368 1637 et

313 1675 430 1757 pontis
454 1672 650 1738 factionem.
696 1674 734 1738 Si
751 1694 833 1738 uero
850 1674 1125 1758 quis-obstinata
1146 1674 1368 1738 contumacia

313 1773 403 1838 hanc
430 1781 584 1838 nostram
607 1775 829 1839 donationem
857 1780 892 1838 et
918 1773 1193 1840 fidelissimorum
1219 1791 1366 1838 uenera-

311 1873 430 1938 bilium
447 1873 611 1951 uirorum,
627 1873 865 1957 episcoporum
888 1893 929 1937 ac
949 1874 1154 1956 optimatrun
1167 1880 1366 1940 nostrorum

313 1974 547 2038 testimonium
574 1973 631 2038 uel
668 1973 953 2052 adfirmationem,
982 1990 1128 2058 quorum
1157 1974 1298 2038 nomina
1326 1973 1364 2037 in

312 2073 583 2155 margine'istius
595 2075 755 2156 pagellae
768 2073 1021 2158 repperiuntur,
1044 2073 1198 2138 minuere
1211 2080 1363 2156 tempta-

311 2174 413 2252 uerit,
443 2175 532 2239 sciat
555 2193 594 2238 se
623 2175 809 2240 canonicae
837 2175 1014 2240 subiacere
1047 2174 1252 2251 sententiae,
1282 2180 1318 2238 et
1342 2193 1367 2238 a

312 2281 432 2340 nostra
444 2275 481 2338 in
496 2274 562 2338 hoc
583 2276 722 2340 saeculo
744 2275 800 2340 uel
822 2275 860 2338 in
882 2274 1000 2339 futuro
1022 2273 1262 2340 communione
1287 2293 1365 2338 esse

310 2375 498 2457 priuatum,
522 2375 749 2440 strationem
774 2375 810 2438 in
839 2375 894 2438 die
918 2373 1035 2438 iudicii
1059 2374 1271 2440 redditurum
1295 2373 1365 2438 nisi

310 2475 406 2556 prius
420 2475 485 2541 deo
499 2482 535 2539 et
549 2475 743 2540 hominibus
753 2483 847 2540 certo
859 2475 985 2540 iudicio
995 2474 1238 2540 emendauerit.
1292 2474 1366 2554 Qui

312 2573 397 2639 haec
423 2575 565 2658 impleat
591 2595 680 2658 quae
703 2577 871 2640 donamus
896 2595 957 2640 seu
981 2582 1120 2662 augeat,
1144 2575 1299 2658 praemia
1325 2576 1364 2640 in

310 2673 427 2739 futuro
449 2695 527 2739 cum
551 2677 709 2740 omnibus
736 2675 926 2740 mercedem
955 2694 978 2739 a
1005 2675 1070 2740 deo
1096 2675 1364 2759 suscipientibus

311 2775 433 2839 mereri
456 2783 630 2858 optamus,
658 2777 718 2858 qui
747 2781 945 2840 remunerat
976 2794 1093 2839 omnes
1122 2776 1212 2839 iuste
1240 2783 1276 2840 et
1303 2777 1362 2858 pie

310 2874 468 2940 uiuentes
482 2882 518 2940 et
533 2883 626 2940 recte
641 2882 795 2958 agentes,
816 2875 876 2958 qui
898 2875 992 2940 solus
1013 2876 1137 2954 iustus,
1154 2876 1245 2957 pium
1258 2876 1363 2940 mise·

311 2975 417 3039 ricors
431 2995 565 3059 semper
578 2984 756 3059 permanet
773 2975 991 3059 sperantibus
1005 2975 1042 3039 in
1056 2994 1105 3039 se.

367 3077 405 3156 ›1‹
426 3075 502 3156 Ego
531 3076 754 3141 Beorhtricus
780 3096 842 3140 rex
868 3075 1035 3139 tradendo
1063 3080 1099 3138 et
1126 3073 1362 3140 confirmando

309 3175 446 3257 signum
462 3177 573 3240 crucis
584 3178 693 3241 araui.
750 3179 790 3258 »1⁴
804 3175 880 3258 Ego
891 3175 1057 3258 Eadburg
1067 3175 1189 3257 regina
1203 3177 1363 3240 consensi

309 3283 346 3340 et
359 3276 557 3359 subscripsi.
614 3279 654 3359 *1⁴
673 3276 750 3358 Ego
767 3275 988 3361 Cynebeorht
1002 3277 1184 3359 episcopus
1201 3276 1362 3340 consensi

309 3385 345 3441 et
359 3377 556 3459 subscripsi.
612 3379 652 3459 »1⁴
672 3376 749 3457 Ego
765 3376 984 3458 Uuigbeorht
1003 3377 1184 3458 episcopus
1202 3375 1363 3440 consensi

309 3483 346 3541 et
383 3476 581 3558 subscripsi.
652 3479 692 3559 >1⁴
718 3477 795 3558 Ego
832 3477 932 3540 Uuor
966 3477 1125 3558 princeps
1162 3477 1361 3558 subscripsi.

314 3579 355 3659 ›1‹
375 3577 452 3658 Ego
467 3575 663 3641 Uuiohstan
676 3577 835 3659 princeps
848 3576 1047 3658 subscripsi.
1105 3578 1143 3657 ›1‹
1160 3575 1236 3658 Ego
1249 3576 1361 3658 Unig-

309 3677 399 3741 ireth
414 3679 573 3760 princeps
588 3678 744 3742 consensi
759 3685 794 3741 et
808 3677 1006 3758 subscripsi.
1063 3678 1102 3757 ›1‹
1123 3675 1200 3756 Ego
1211 3676 1360 3741 Uuioht-

309 3778 412 3842 brord
428 3778 587 3861 princeps
612 3777 771 3843 consensi
794 3784 830 3842 et
852 3775 1050 3859 subscripsi.
1108 3778 1148 3857 »χι
1168 3775 1243 3858 Ego
1267 3775 1361 3841 Aeso

309 3877 468 3962 princeps
482 3877 679 3960 subscripsi.
737 3880 777 3960 »1⁴
796 3877 872 3959 Ego
887 3877 1083 3941 Ealhmund
1104 3875 1263 3959 princeps
1278 3879 1360 3941 sub-

306 3978 441 4062 scripsi.
498 3980 538 4060 *1⁴
559 3978 635 4061 Ego
651 3978 753 4043 Lulla
766 3979 925 4062 princeps
939 3976 1096 4042 consensi
1110 3983 1145 4041 et
1160 3977 1358 4061 subscripsi.
