3112 5032
441 455 612 505 cusanus
635 457 973 505 suonosnxourenn.
1166 441 1230 506 193

175 611 243 676 tem
275 610 377 677 huius
400 614 481 678 doni
509 615 553 678 ab
581 614 750 680 aecclesia
777 618 890 681 sancti
921 616 1107 680 saluatoris
1137 615 1228 699 quae

172 711 241 775 sita
257 714 360 777 estin
380 715 463 778 urhe
479 713 807 781 Canteuuariorum!
860 717 907 780 Et
923 716 1100 798 respondit
1114 717 1226 780 omnis

171 811 309 890 ehorns,
324 812 448 879 Amen.
500 812 558 879 Ad
573 816 843 880 confirmandum
858 836 940 880 uero
963 815 1029 880 hoc
1050 816 1224 898 largitatis

171 909 299 975 donum
314 911 349 976 hi
363 920 469 978 testes
485 913 630 979 aderant
644 922 679 979 et
694 917 969 1000 subscripserunt
983 925 1019 980 et
1043 917 1226 982 confirma·

171 1019 296 1076 uerunt
309 1012 438 1077 donum
451 1015 617 1078 saluatori
633 1023 763 1081 nostro.

224 1112 300 1194 Ego
318 1113 397 1178 Offa
409 1133 472 1177 rex
485 1113 694 1178 Marciorum
709 1135 787 1179 cnm
809 1115 1048 1180 benedictione
1071 1116 1223 1180 omnium

171 1212 410 1294 episcoporum
429 1214 568 1296 impono
590 1214 728 1296 signum
753 1223 895 1279 sanotae
914 1215 953 1296 »14
973 1216 1015 1279 ad
1042 1216 1224 1280 confirma-

170 1310 300 1376 tionem
314 1312 415 1377 huius
430 1313 524 1392 doni,
546 1315 630 1378 mihi
651 1315 795 1380 donanti
817 1315 860 1378 ad
882 1313 1163 1398 redemptionem,
1186 1323 1223 1379 et

171 1411 339 1477 minuenti
353 1413 397 1477 ad
415 1420 590 1478 aeternam
613 1415 968 1498 condempnationem,
995 1422 1031 1479 et
1055 1415 1129 1479 sine
1150 1415 1223 1480 nllo'

169 1512 320 1578 remedio
332 1513 370 1577 in
382 1511 516 1577 inferno
530 1515 573 1578 ad
587 1523 748 1581 aeternae
761 1534 894 1598 poenae
909 1516 1110 1581 cruciatum.

227 1611 358 1695 »14Εςο
374 1612 538 1695 Ecgterth
561 1635 624 1678 rex
647 1617 805 1680 consensi
827 1622 865 1679 et
885 1615 1073 1697 subscripsi
1090 1623 1126 1680 et
1139 1636 1221 1699 pro-¹

170 1710 248 1776 misi
262 1712 328 1778 hoc
342 1714 469 1777 donum
485 1734 621 1797 semper
634 1715 771 1780 firmare
785 1723 820 1780 et
834 1735 972 1798 augere.

224 1814 264 1895 »14
280 1813 357 1896 Ego
371 1812 605 1878 Aethelheard
618 1815 895 1898 archiepiscopus
916 1817 1054 1898 signum
1077 1823 1221 1880 sanctae

170 1909 281 1977 'crucis
295 1915 438 1997 inpono,
449 1918 485 1978 et
500 1914 689 2000 innomine
702 1917 816 1980 saneti
830 1915 1015 1980 saluatoris
1031 1914 1219 1980 conseribo.

226 2016 265 2096 »14
280 2012 357 2096 Ego
372 2013 537 2079 Ceoluuls
544 2014 629 2097 epis.
646 2034 741 2080 cons.
820 2018 858 2098 »14
874 2016 1009 2081 Brorda
1023 2016 1132 2097 princ.

225 2115 265 2196 »14
282 2111 358 2196 Ego
373 2114 549 2179 Unuuona
563 2116 648 2198 epis
666 2135 761 2181 cons
820 2118 858 2198 »14
876 2116 1003 2198 Bynna
1017 2115 1125 2196 princ.

225 2215 264 2296 »14
281 2213 359 2297 Ego
373 2213 556 2280 Hathored
572 2215 677 2298 episc.
819 2217 859 2297 »14
873 2215 967 2278 Esne
981 2214 1089 2297 princ.

224 2317 264 2398 »14
280 2313 357 2396 Ego
371 2314 561 2379 Ceolmund
575 2317 679 2397 epise.
817 2316 857 2396 »14
873 2313 1089 2378 Heardbriht
1108 2313 1218 2396 prino.

225 2416 264 2497 »14
281 2411 358 2497 Ego
372 2414 544 2479 Ealheard
559 2415 663 2498 episc.
819 2416 858 2496 »14
873 2413 1099 2479 AEthelmund
1110 2415 1221 2497 princ.

225 2514 354 2598 ›14Ego
370 2514 520 2598 AElshun
536 2515 640 2597 episc.
817 2517 857 2596 »14
874 2513 1013 2596 Eadgor
1026 2514 1135 2596 princ.

225 2617 264 2698 »14
279 2612 355 2697 Ego
369 2615 566 2698 Cyneberht
580 2614 684 2697 episc.
818 2616 858 2696 »14
874 2615 1016 2696 Uuigga
1029 2615 1138 2697 princ.

225 2716 264 2797 »14
281 2713 358 2796 Ego
373 2714 561 2780 Deneserth
577 2715 682 2797 episc.
817 2717 857 2796 »14
874 2713 996 2798 Cydda
1010 2714 1119 2796 princ.

226 2816 265 2897 »14
282 2813 358 2896 Ego
372 2815 574 2880 Uuermund
589 2816 694 2897 episc.
818 2815 857 2895 »14
874 2812 1047 2878 Cuhherht
1061 2813 1169 2898 prino.

226 2915 265 2996 »14
282 2913 357 2997 Ego
374 2914 569 2979 Ealhmund
585 2916 663 2978 abb.
819 2916 858 2996 »14
876 2914 1066 2979 Ceolmund
1080 2915 1189 2997 princ.

226 3013 356 3097 ›14Eg'o
371 3015 455 3080 Utel
468 3016 545 3080 abb.
820 3016 859 3096 »14
877 3014 980 3078 Uhha
995 3015 1104 3098 princ.

225 3112 264 3196 »14
280 3113 356 3197 Ego
372 3114 541 3180 Forthred
556 3116 634 3180 abb.
819 3115 859 3196 »14
876 3113 1014 3197 Eobing
1026 3115 1134 3198 princ.

642 3410 757 3476 CLX.

319 3561 591 3627 ECGBERHT
616 3560 680 3626 OF
705 3558 856 3638 KENT,
879 3560 1071 3624 765-791.

226 3712 266 3793 »14
281 3709 326 3775 In
342 3710 480 3775 nomine
490 3709 620 3774 domini
635 3709 820 3773 saluatoris
833 3708 943 3772 nostri
955 3707 1062 3771 Ihesu
1074 3707 1222 3773 Christi!

171 3810 318 3876 Omnem
332 3811 440 3894 igitur
461 3811 645 3888 hominem,
668 3810 759 3874 sicut
777 3808 975 3891 frequenter
996 3807 1137 3872 coelesti
1150 3828 1223 3873 ma-

168 3911 311 3994 gisterio
327 3910 533 3976 adhortante
548 3910 739 3986 didicimus,
765 3908 825 3991 qni
849 3909 913 3972 sub
937 3907 1126 3973 christiana
1144 3909 1224 3972 reli-

168 4012 271 4094 gione
281 4009 376 4076 'uitae
384 4011 543 4076 eoelestis
553 4009 706 4094 praemia
717 4008 881 4092 consequi
891 4007 1076 4086 desiderat,
1085 4011 1225 4072 necesse

169 4118 224 4175 est
237 4118 278 4175 ut
291 4112 329 4174 in
344 4111 519 4195 praesenti
533 4112 673 4193 pietatis
687 4110 825 4174 insistat
841 4107 1014 4191 operibus,
1030 4115 1066 4188 et
1079 4109 1226 4171 terrenis

170 4212 274 4276 rebus
286 4218 390 4295 atque
403 4211 625 4289 transitoriis,
635 4211 672 4273 in
685 4218 854 4292 quantum
870 4208 935 4273 deo
950 4207 1120 4290 largiente
1133 4206 1226 4272 suffi-

1055 4326 1075 4372 ο
