3112 5032
299 393 365 459 158
558 406 1095 459 cunnrnn-nucnosnxourcnn.

298 566 404 629 citum
425 583 531 629 unum
556 584 771 643 coronemur,
792 567 971 630 beatarum
994 565 1137 630 adunati
1159 567 1351 631 animarum

298 665 428 729 cuneis.
479 664 702 749 Quapropter
729 685 796 747 ego
824 665 904 730 Offa
924 666 1016 729 filius
1044 665 1257 748 Thingsritb,
1286 668 1350 732 deo

298 766 508 830 concedente
531 785 594 829 rex
621 767 842 842 Marciorum,
868 785 932 847 pro
954 765 1189 847 redemptione
1215 768 1350 832 animae

300 884 397 929 meae
411 873 447 936 et
457 867 760 947 praedeeessorum
775 885 940 943 meorum,
955 866 1121 930 ecclesiae
1131 867 1256 930 beatae
1272 867 1350 931 Ma-

298 965 370 1028 riae
398 966 435 1028 in
459 963 655 1030 Eonesbam
683 973 719 1030 ct
747 966 925 1030 monachis
954 966 1079 1030 ibidem
1108 966 1175 1030 deo
1197 967 1349 1030 seruien-

298 1065 403 1141 tibus,
433 1084 479 1128 cx
517 1084 588 1128 una
619 1073 720 1148 parte
747 1065 845 1129 fluuii
875 1084 965 1148 quae
1002 1064 1158 1130 Bladene
1192 1074 1348 1145 uocatur,

298 1164 506 1242 Deilessord,
529 1165 718 1244 Eunelade,
742 1165 974 1242 Coasteltone,
990 1163 1210 1241 Coruuuelle,
1236 1165 1348 1231 Salte-

300 1263 390 1343 sord,
414 1263 642 1343 Deorneford,
664 1265 821 1347 Siptone‚
841 1266 956 1329 animo
980 1265 1101 1329 libenti
1126 1266 1268 1330 tradens
1290 1268 1351 1332 do-

298 1366 392 1430 naui.
444 1364 498 1428 Sit
511 1365 629 1446 itaque
643 1366 729 1429 haec
748 1363 925 1448 praedicta
937 1364 1079 1430 donatio
1099 1367 1143 1429 ab
1159 1367 1253 1430 omni
1266 1367 1349 1450 iugo

298 1483 426 1528 exosae
449 1466 628 1530 senlitntis
657 1464 767 1529 libera
787 1466 825 1528 in
846 1472 1062 1548 perpetuum,
1091 1483 1169 1529 cum
1192 1467 1351 1530 omnibns

298 1563 502 1628 utensilibus
534 1565 578 1628 ad
607 1583 645 1628 se
667 1565 733 1630 rite
754 1566 1018 1648 pertinentibus,
1050 1565 1159 1629 tribus
1183 1568 1350 1649 exceptis,

298 1664 529 1745 expeditione,
545 1665 661 1749 pontis
677 1666 811 1730 arcisue
825 1666 1092 1730 constructione.
1139 1665 1211 1744 Qui
1233 1674 1349 1730 autem

297 1762 362 1829 hoc
377 1771 517 1828 nostrae
538 1765 792 1829 munificentiae
805 1765 934 1830 donum
949 1765 1074 1847 dapsili
1090 1772 1206 1829 mente
1220 1785 1349 1848 augere

297 1863 457 1940 uoluerit,
476 1864 648 1946 adaugeat
669 1865 721 1929 illi
742 1867 821 1948 pius
839 1865 923 1929 dens
945 1864 1073 1947 gaudia
1095 1884 1231 1948 semper
1252 1886 1350 1930 man-

296 1981 388 2027 sura.
440 1963 477 2027 Si
504 1964 581 2046 quis
607 1985 702 2042 uero,
724 1965 816 2048 quod
838 1966 941 2042 absit,
955 1964 1146 2029 beemotico
1168 1966 1346 2045 instinctu,

296 2070 450 2145 tempore
463 2064 672 2142 succedenti,
687 2065 752 2129 hoo
774 2065 960 2147 infringere
977 2071 1091 2128 mente
1103 2065 1263 2143 subdola,
1286 2087 1348 2148 per

296 2148 414 2245 aliqua
428 2157 704 2229 machinamenta
716 2173 913 2248 permutare
931 2171 1077 2228 conatus
1092 2163 1210 2243 suerit,
1225 2175 1349 2232 noscat

296 2282 334 2327 se
348 2265 411 2327 tali
432 2284 495 2346 pro
518 2272 617 2328 reatu
632 2284 654 2329 a
670 2283 811 2330 numero
834 2265 965 2330 secerni
980 2265 1171 2342 beatorum,
1187 2272 1223 2329 et
1237 2273 1348 2330 aeter-

295 2364 349 2426 nis
364 2363 524 2446 deputari
544 2364 661 2428 herebi
676 2365 833 2443 flammis,
849 2385 927 2429 cum
945 2364 1086 2428 Herode
1102 2362 1233 2430 Christi
1254 2367 1346 2431 inse-

296 2470 416 2528 cutore
438 2466 659 2546 nequissimo,
681 2465 823 2548 eiusque
848 2465 1083 2548 compdcibus‚
1097 2483 1243 2546 quorum
1268 2485 1346 2531 uer-

296 2564 361 2626 mis
375 2563 521 2628 mordax
529 2573 565 2630 et
572 2566 664 2648 ignis
673 2564 844 2629 fumificns
857 2584 1032 2647 nunquam
1046 2583 1108 2647 per
1120 2566 1258 2630 saecula
1273 2587 1348 2635 ces-

295 2670 364 2739 sat,
389 2664 457 2728 nisi
480 2672 562 2729 ante
589 2666 720 2730 obitum
742 2685 897 2748 congrua
919 2665 1109 2729 aboleuerit
1133 2667 1347 2747 poenitentia

296 2765 390 2846 quod
418 2764 594 2829 audaciter
619 2765 691 2848 egit
720 2772 841 2830 contra
874 2772 993 2830 nostra
1021 2764 1167 2828 decreta.
1235 2767 1346 2833 Facta

296 2871 351 2927 est
370 2872 485 2928 autem
507 2865 591 2928 haec
614 2865 748 2930 cartula
769 2885 861 2930 anno
884 2865 1074 2931 dominicae
1095 2865 1345 2932 incarnationis

297 2980 524 3028 nccmxxvn.
547 2964 601 3028 his
623 2966 769 3029 testibus
791 2965 1083 3030 consentientibus
1107 2985 1253 3048 quorum
1282 2989 1346 3032 no-

298 3064 392 3128 mina
406 3063 496 3127 infra
511 3065 641 3147 scripta
652 3065 825 3130 uidentur.

352 3167 391 3246 »14
406 3165 483 3247 Ego
498 3163 578 3229 Offa
599 3185 661 3229 rex
684 3164 893 3231 Marciorum
911 3165 1001 3228 hanc
1023 3165 1243 3230 donationem
1265 3187 1346 3250 pro-

296 3262 372 3345 pria
393 3283 499 3329 manu
521 3253 732 3330 confirmaui.
790 3269 829 3348 »14
851 3265 927 3347 Ego
958 3264 1132 3350 Hymbert
1160 3265 1349 3350 archiepis-

297 3382 404 3445 copus
431 3365 601 3428 consensi.
658 3366 794 3449 ›1⁴Ego
819 3364 1148 3448 Dorulsepiscopus
1174 3371 1358 3434 consensit·

303 3464 436 3546 ›14Ego
459 3464 691 3529 Kinesuuitha
711 3466 833 3548 regina
848 3466 1017 3530 consensi.
1074 3468 1114 3547 »14
1129 3464 1206 3546 Ego
1222 3465 1354 3532 Gheuls

297 3563 479 3647 episcopus
494 3566 693 3648 subscripsi.

772 3661 893 3672 ——-

727 3779 918 3845 cxxxi

521 3920 652 3988 orna
675 3921 783 3987 nuo
807 3916 1026 4000 Annene,
1048 3921 1134 4002 777.x

352 4055 453 4137 »14,ΙΝ
477 4056 614 4121 nomine
638 4056 696 4120 diii
721 4055 800 4120 ,nii
824 4103 831 4118 .
853 4052 913 4117 ibn
936 4101 944 4116 .
964 4051 1035 4138 xpi.
1087 4051 1187 4116 suffio
1210 4055 1350 4136 quidem

296 4156 422 4218 mentis
448 4157 626 4238 proposito
654 4157 838 4237 unicuique
862 4153 1076 4236 pensandum
1102 4163 1155 4216 est
1185 4160 1220 4219 et
1250 4157 1346 4238 cogi-
