3134 5030
455 431 627 482 ιιιιιιιιιιιι
656 433 996 483 ιιιιιιοειιιιοιιιοιιι.
1185 419 1249 485 241

195 588 320 654 animis
342 595 577 673 cunctorumq:
602 593 759 655 manibus
781 591 893 654 crucis
911 589 1090 674 signaculo
1104 589 1249 658 libenter

194 688 457 754 subscribentib:
474 697 547 772 atq:
565 689 630 755 hoc
645 691 749 755 etiam
763 690 972 754 difiniuimus
991 713 1013 782 7
1036 692 1180 756 firmiter
1193 712 1246 757 re-

194 789 418 854 conciliantes
440 808 557 853 coram
579 790 711 854 idoneis
734 791 851 856 testibi
866 790 1103 856 roborauimus
1118 797 1159 856 ut
1170 797 1246 857 tota

193 887 254 952 illa
268 894 363 954 terra
384 907 487 972 quam
512 889 579 972 ipsi
601 890 816 955 tradiderunt
838 891 922 954 mihi
947 898 994 956 aet
1016 891 1151 955 burnan
1173 898 1245 956 tam

191 988 353 1054 immunis
372 989 470 1072 absq:
492 989 637 1056 alicuius
657 989 939 1056 contradictionis
960 991 1139 1080 obstacula
1159 988 1242 1078 {ipe-

192 1093 231 1152 tu
266 1089 341 1153 fieri
356 1095 475 1173 posset
490 1089 580 1154 sicut
593 1089 654 1154 illa
668 1096 762 1155 terra
785 1110 830 1155 on
852 1089 1031 1173 eostore'ge
1053 1110 1158 1173 quam
1173 1091 1242 1156 illis

192 1105 351 1253 deberam
373 1189 423 1254 eis
436 1185 563 1287 ppetup
588 1175 821 1255 inuiolabilem
836 1189 1069 1255 dedesiderio.
1115 1189 1153 1254 Si
1174 1188 1242 1271 η

191 1289 282 1353 absit
295 1288 419 1372 aliquis
440 1289 603 1355 maliuola
622 1290 768 1355 audacia
790 1290 989 1356 hanoniam
1003 1288 1240 1354 uicissitudine

189 1385 212 1474 p
226 1388 407 1472 tyrannide
421 1389 586 1454 inuadere
600 1387 616 1452 i
630 1389 817 1472 infringere
839 1390 1037 1456 temtauerit
1051 1389 1186 1456 nouerit
1201 1409 1239 1454 se

189 1495 271 1554 ante
286 1489 438 1553 tribunal
460 1489 585 1554 summi
599 1511 621 1580 7
635 1490 803 1555 tremendi
817 1489 939 1555 iudicis
959 1486 1020 1576 xiii
1042 1491 1081 1553 de
1103 1489 1239 1554 ratione

189 1588 412 1654 redditurum.
452 1588 532 1654 Nisi
546 1588 633 1654 illud
646 1590 742 1672 prius
756 1590 862 1672 digna
871 1588 1108 1654 satisfactione
1123 1609 1237 1654 emen-

188 1686 332 1753 danerit.
385 1688 432 1753 Et
445 1687 475 1751 si
490 1689 644 1772 qualibet
658 1690 739 1781 niae
760 1691 869 1773 partis
892 1688 1048 1754 condicio
1070 1689 1236 1755 innocens

185 1809 208 1877 7
221 1788 494 1853 incontaminata
504 1796 641 1872 reperta
651 1789 759 1872 ipsius
770 1791 820 1854 rei
831 1790 936 1856 fuerit
946 1809 1009 1854 seu
1019 1789 1110 1854 forte
1120 1797 1234 1875 ntraq:

184 1906 269 1954 suae
282 1888 405 1976 ppriae
419 1889 504 1953 iuris
526 1890 699 2004 possessio
721 1890 821 1954 salua
841 1899 878 1956 et
889 1892 1027 1973 integra
1040 1890 1176 1955 ratione
1190 1891 1235 1956 ad

184 1989 329 2095 pristine
351 1987 551 2053 hereditatis
574 1989 742 2071 gremium
763 1996 967 2056 reuertetur.
1019 1989 1108 2054 Pars
1129 1987 1153 2053 d
1174 1990 1236 2055 illa

183 2095 252 2185 qu'e
267 2108 335 2154 rea
355 2109 377 2178 7
399 2088 590 2171 deprauata
604 2089 714 2154 fuerit
724 2110 807 2154 suae
825 2091 948 2178 ppriae
963 2090 1073 2173 partis
1088 2097 1149 2154 rea
1162 2089 1234 2172 pri-

183 2197 284 2254 uetur
313 2196 349 2253 et
371 2188 500 2252 iustum
522 2188 750 2254 arbitrorum
758 2190 922 2255 iudicium
949 2190 1064 2254 subire
1090 2187 1234 2270 cogetui·

180 2289 261 2373 ibiq:
289 2288 380 2353 iuste
403 2287 636 2354 districtiones
663 2289 812 2372 accipiat
834 2291 995 2372 sentiatq:
1022 2288 1231 2354 satisfactio-

183 2409 272 2454 nem.

235 2491 274 2572 ›1‹
289 2489 366 2571 Ego
394 2487 529 2556 uulsred
558 2489 673 2573 gratia
694 2487 730 2554 di
753 2490 884 2573 ardepii
906 2489 1009 2553 huius
1031 2487 1232 2553 reconcilia·

179 2590 282 2656 tionis
307 2590 386 2655 niae
412 2585 651 2656 uicissitudine
673 2591 775 2673 signo
799 2592 879 2654 sias
903 2590 1013 2656 crocis
1028 2586 1089 2677 xpi
1105 2588 1230 2654 confir-

177 2691 279 2756 mabo
295 2706 315 2773 7
333 2689 521 2756 subscribo.

233 2793 272 2874 ›1‹
294 2789 371 2874 Ego
384 2788 613 2854 beornmodus
628 2786 701 2873 epid
715 2790 812 2856 osen}
827 2804 847 2871 7
865 2789 959 2854 suits.

231 2892 270 2973 ›1‹
293 2889 370 2972 Ego
384 2886 553 2954 wernob⁸
535 2911 585 2977 pr
589 2913 609 2980 7
624 2892 679 2955 ab.
696 2888 796 2956 osens
812 2911 832 2978 7
848 2889 924 2954 sub,

231 2992 270 3073 ›1‹
291 2989 369 3073 Ego
380 2988 613 3056 beornwine⁸
594 3011 669 3078 pr7
687 2989 739 3053 ab.
752 3007 851 3056 osens
853 3015 888 3082 7
906 2989 982 3053 sub.

231 3085 270 3174 ›1‹
291 3090 369 3173 Ego
381 3081 584 3172 seologeld⁸
565 3110 606 3176 pr
620 3102 640 3172 7
657 3090 712 3154 ad.
724 3109 824 3160 oscos
840 3113 860 3180 7
878 3091 954 3154 snb

187 3228 193 3239 ·
214 3181 270 3273 ’ᾖ
290 3190 368 3274 Ego
384 3182 581 3254 aedelhun⁸
562 3210 604 3276 pr
617 3189 716 3255 osens
732 3213 752 3280 7
769 3189 846 3253 sub.

188 3282 193 3288 ’
229 3291 268 3372 ›1‹
289 3289 365 3372 Ego
379 3285 565 3354 ceolstan⁸
547 3310 588 3377 pr
600 3290 699 3356 osens
715 3310 735 3377 7
752 3289 828 3353 sus.

229 3391 268 3472 ›1‹
288 3389 365 3472 Ego
378 3385 550 3453 haamund
562 3385 603 3475 pr
616 3389 715 3454 osen‘s
731 3406 750 3472 7
768 3388 844 3452 sub,

228 3491 267 3572 ›1‹
289 3488 366 3572 Ego
382 3489 502 3553 osuulf
510 3485 551 3576 pr
563 3489 663 3555 esent
678 3510 699 3578 7
715 3487 791 3552 snb.

228 3592 267 3673 ›1‹
287 3589 365 3673 Ego
378 3588 541 3653 heremod
553 3584 706 3677 proserii
723 3609 743 3676 7
760 3587 836 3651 snb.

227 3691 266 3772 ›1‹
290 3689 367 3771 Ego
381 3685 521 3754 tudda⁸
502 3706 655 3774 presens
672 3712 703 3782 7
709 3687 784 3752 snb,

228 3791 267 3872 ›1‹
288 3788 366 3871 Ego
380 3785 561 3854 deomob⁸
542 3809 583 3876 pr
597 3805 697 3855 osens
714 3804 733 3870 7
750 3787 850 3851 sub.

187 3931 191 3940 -
228 3891 267 3972 ›1‹
288 3880 374 3972 Ego
378 3881 500 3953 abba⁸
481 3909 522 3988 pr
535 3888 633 3954 osens
649 3907 669 3974 7
685 3875 762 3952 suit.¹

228 3991 267 4072 ›1‹
287 3988 365 4071 Ego
380 3981 587 4084 godmund⁸
569 4009 609 4074 pr
622 3979 722 4054 osens
738 4001 758 4068 7
773 3985 848 4050 suo.

185 4115 188 4120 ·
227 4090 267 4176 ›1‹
287 4088 364 4173 Ego
377 4079 605 4153 badoheard⁸
586 4107 628 4176 pr
640 4103 739 4152 osens
757 4103 776 4170 7
795 4085 871 4150 sub.

184 4207 189 4214 ⁴
226 4190 265 4271 ›1‹
286 4187 363 4272 Ego
378 4186 523 4254 cubrio⁸
505 4209 546 4276 pr
559 4205 658 4254 osens
675 4211 695 4278 7
711 4181 828 4250 sub.
