3112 5032
306 429 372 494 140
560 442 733 492 ounrrnn
756 440 1101 491 ruonomxomona.

301 602 370 687 ipsi
392 601 531 687 penitus
549 603 729 683 interdico,
752 624 795 667 ne
818 602 920 668 aliter
933 622 1037 686 quam
1056 621 1149 665 nunc
1164 620 1187 665 a
1199 621 1254 665 me
1276 620 1359 665 con·

305 706 466 768 stitutum
491 711 556 782 est,
582 704 653 769 ullo
677 712 832 787 tempore
854 705 897 768 de
921 703 1040 767 eadem
1067 710 1161 767 terra
1181 702 1357 784 quippiam

305 823 408 886 agere
423 803 584 869 audeant.
637 804 741 883 Quod
767 805 797 868 si
816 805 877 887 qui
902 802 991 868 sorte
1014 804 1198 868 obseruare
1213 801 1357 883 neglex-

299 905 407 982 erint,
431 910 467 968 et
489 906 620 989 absque
642 904 750 988 digna
777 902 1014 969 satisfactione
1044 901 1237 986 praesentis
1263 903 1357 966 uitae

304 1004 524 1086 impleuerint
544 1004 699 1069 infelices
722 1005 809 1083 dies,
833 1004 978 1068 audiant
1000 1023 1120 1067 uocem
1145 1002 1279 1065 aeterni
1302 1003 1357 1065 iu·

303 1103 388 1167 dicis
411 1105 474 1168 sub
496 1105 565 1169 fine
584 1105 704 1169 mundi
727 1105 873 1169 dicentis
895 1103 939 1168 ad
963 1105 1108 1186 impios:
1132 1101 1310 1167 Discedite
1332 1121 1355 1166 a

303 1223 370 1282 me,
386 1204 572 1283 maledicti,
588 1205 624 1268 in
640 1205 756 1287 ignem
778 1212 968 1282 aeternum,
984 1204 1044 1287 qui
1058 1208 1286 1287 praeparatus
1300 1209 1356 1266 est

302 1303 440 1368 diabolo
468 1311 504 1368 et
534 1305 667 1388 angelis
692 1306 777 1369 eius.
841 1304 912 1383 Qui
939 1323 1023 1368 nero
1051 1301 1250 1368 curauerint
1275 1322 1353 1366 cus·

303 1404 414 1468 todire
429 1403 582 1488 nihilque
595 1406 788 1487 inrogarint
811 1404 960 1482 aduersi,
983 1403 1126 1470 audiant
1147 1403 1354 1467 uocemcle-

300 1505 504 1568 mantissimi
526 1506 658 1584 arbitri,
681 1503 869 1588 inquientis
892 1505 936 1570 ad
959 1505 1058 1587 pios:
1083 1504 1223 1581 Uenite,
1247 1504 1353 1568 bene·

302 1604 386 1668 dicti
399 1605 508 1687 patris
524 1605 602 1683 mei,
617 1606 783 1689 percipite
806 1623 950 1686 regnum
965 1604 1056 1687 quod
1069 1605 1171 1669 uobis
1193 1611 1354 1686 paratum

301 1710 356 1768 est
370 1705 414 1768 ab
426 1705 559 1787 origine
573 1705 703 1771 mundi.
755 1703 911 1770 Adiectis
928 1721 997 1769 1111.
1011 1704 1192 1770 daenberis
1206 1703 1243 1766 in
1258 1723 1351 1768 com-

301 1824 404 1868 mune
432 1805 537 1885 saltu,
572 1806 639 1871 hoc
669 1812 723 1871 est
755 1805 1084 1885 Uuealdseuucstra,
1118 1804 1350 1886 Billinogden,

301 1902 522 1992 Geolcbyras,
539 1906 719 1985 Meosden,
734 1905 928 1987 Rindigsel.

297 2089 300 2096 Δ
356 2006 395 2086 ›1‹
410 2006 486 2089 Ego
501 2004 686 2090 Sigercdus
701 2027 763 2070 rex
776 2006 866 2070 hanc
878 2005 1099 2070 donationem
1109 2023 1131 2068 a
1141 2023 1196 2068 me
1210 2003 1351 2082 iactam,

300 2103 437 2188 signum
451 2113 593 2171 sanctae
607 2106 718 2171 crucis
731 2106 872 2189 propria
884 2124 989 2170 mann
1005 2104 1198 2182 scribendo,
1215 2104 1350 2169 firmani

295 2202 414 2269 'coram
452 2206 674 2288 Bregouuino
702 2204 983 2289 Archiepisoopo.
1050 2207 1089 2286 ›1‹
1110 2205 1187 2286 Ego
1216 2205 1349 2288 Brego-

298 2306 425 2369 uuinus
449 2304 752 2390 Archiepisoopus,
775 2306 819 2370 ad
841 2306 1042 2389 petitionem
1064 2305 1242 2369 donatoris
1267 2313 1349 2370 ante

296 2406 476 2488 praedicti,
499 2407 658 2471 consensi
683 2416 718 2472 et
745 2405 944 2489 subscripsi.
1002 2407 1041 2487 ›1‹
1056 2404 1199 2486 Signum
1225 2423 1347 2469 manus

299 2504 507 2571 Hereberhti
516 2505 675 2572 Abbatis.
720 2510 760 2589 ›1‹
774 2507 919 2591 Signum
927 2524 1050 2569 manus
1063 2505 1175 2569 Baere
1186 2502 1345 2570 Abbatis.

268 2637 276 2653 ·
303 2607 342 2696 »χε
358 2605 503 2688 Signum
518 2626 640 2671 manus
655 2607 775 2672 Bruno
790 2605 957 2672 Abbatis.
1007 2607 1046 2687 ›1‹
1061 2604 1205 2688 Signum
1223 2623 1345 2669 manus

296 2705 507 2770 Acscuualdi
534 2708 737 2791 presbyteri.
805 2709 844 2789 ›1‹
864 2707 1009 2788 Signum
1030 2724 1154 2769 manus
1177 2705 1346 2787 Ecgbaldi

296 2807 432 2871 ¹comitis
445 2813 551 2889 atque
564 2807 739 2889 praefecti.
783 2809 822 2888 ›1‹
837 2806 982 2889 Signum
998 2825 1122 2870 manus
1134 2805 1344 2870 Ealdhuuni.

303 2907 342 2987 ›1‹
357 2906 502 2988 Signum
517 2926 639 2971 manus
653 2907 760 2971 Esne.
788 2908 827 2988 ›1‹
842 2907 988 2990 Signum
999 2925 1122 2971 manus
1135 2905 1344 2970 Badohardi
1398 2918 1415 2944 ⁸

296 2993 345 3086 ’ᾖ
360 3006 505 3089 Signum
521 3027 643 3072 manus
657 3004 893 3072 Aethelnotbi.

351 3108 390 3188 ›1‹
405 3107 482 3190 Ego
497 3107 723 3172 Eanmundus
736 3128 800 3172 rex
820 3108 910 3172 hanc
925 3107 1018 3190 piam
1040 3105 1261 3170 donationem
1286 3125 1344 3168 su·

295 3207 523 3289 prescriptam
545 3208 685 3291 propria
707 3228 811 3272 manu
829 3206 1057 3272 roborandam
1078 3203 1143 3268 boc
1165 3205 1344 3287 signaculo

296 3314 437 3370 sanctae
459 3308 570 3371 crucis
595 3309 763 3391 expressi,
785 3309 822 3371 in
843 3308 919 3372 loco
942 3307 1040 3371 cuius
1061 3304 1268 3368 uocabulum
1290 3313 1343 3371 cst

296 3404 601 3489 Godgeocesham3
644 3416 827 3491 praesente
862 3405 1050 3472 uenerabili
1086 3405 1344 3490 archiepiscopo

296 3505 517 3589 Bregouuino
532 3515 567 3572 et
578 3509 824 3588 consentiente,
838 3506 982 3573 consilio
996 3505 1125 3589 quippe
1140 3513 1245 3588 atque
1260 3526 1343 3570 oon·

294 3625 400 3671 sensu
424 3607 577 3672 omnium
603 3608 808 3691 optimatum
832 3615 868 3673 et
891 3608 1086 3691 principum
1112 3607 1226 3686 gentis
1250 3604 1343 3671 Gan·

295 3708 495 3773 tuan'orum.

349 3807 388 3887 ›1‹
406 3807 482 3890 Ego
495 3808 723 3874 Iaenberhtus
749 3811 856 3874 abbas
884 3808 1104 3873 consentiens
1128 3805 1232 3870 testis
1260 3804 1342 3870 affui

294 3913 330 3970 et
351 3908 548 3991 subscripsi.
606 3910 645 3990 ›1‹
663 3908 739 3993 Ego
771 3909 975 3973 Huuaetred
1000 3910 1108 3973 abbas
1124 3905 1283 3972 consensi
1306 3912 1341 3970 et

294 4009 492 4092 subscripsi.
537 4010 576 4090 ›1‹
595 4010 740 4093 Signum
756 4029 878 4074 manus
892 4008 1097 4092 Egesnothi.
1146 4006 1341 4090 fflSignum

294 4126 416 4170 manus
455 4108 674 4174 Balthhardi.
759 4111 798 4191 ›1‹
826 4109 970 4192 Signum
1012 4128 1137 4173 manus
1172 4105 1340 4171 Aldhuni.

299 4208 338 4288 ›1‹
356 4206 502 4290 Signum
517 4229 639 4274 manus
648 4211 746 4278 'Uda
788 4212 844 4291 ,ᾖ
861 4209 1004 4292 Signum
1021 4229 1147 4273 manus
1164 4206 1277 4272 Puda.
