3188 5032
492 435 664 488 curarat
688 435 1029 490 rnomsaxourcrn.
1239 425 1284 492 77

233 615 287 681 his
318 615 464 681 testibus
499 614 806 692 consentientibus
842 634 987 697 quorum
1023 615 1163 679 nomina
1193 617 1285 680 infra

233 724 455 782 caraxantur.

290 819 330 899 ›1‹
350 816 427 898 Eg'o
447 813 698 880 Aethelbaldus
719 814 811 879 dono
827 814 882 879 dei
905 833 968 878 rex
991 813 1198 878 Marciorum
1222 836 1285 898 pro

233 917 356 981 maiori
378 915 610 980 stabilimento
639 914 740 996 signo
767 915 878 979 crucis
906 914 946 994 ›1‹
977 911 1109 977 Christi
1142 918 1284 980 muniui.

236 1017 277 1097 ›1‹
294 1016 370 1098 Ego
390 1014 942 1106 Brihtuualdusbarchiepiscopus
968 1013 1174 1078 confirmans
1203 1018 1284 1080 sub-

232 1116 413 1199 scripsialq

708 1291 822 1304 ...1-

692 1395 836 1460 LXVI.

511 1546 533 1590 *
561 1541 915 1623 AETHELBALD,
937 1541 1015 1609 716.

290 1696 331 1776 ›1‹
347 1690 644 1758 Arrunnmnnus
667 1693 785 1758 diuina
806 1693 1063 1777 dispensatione
1082 1713 1145 1759 rex
1161 1687 1287 1762 Meroi-

233 1813 332 1858 orum
347 1796 505 1859 omnibus
524 1795 715 1859 catholicae
730 1789 809 1860 fidei
826 1794 1016 1858 emtoribus
1038 1794 1185 1860 salutem
1208 1819 1286 1880 per-

235 1895 394 1976 petuam!
433 1895 524 1977 Regi
533 1914 653 1976 regum
668 1895 821 1959 omnium
835 1901 870 1958 et
884 1895 1123 1959 uniuersorum
1138 1901 1285 1963 creatori
1325 1892 1334 1902 ‘

235 2012 364 2077 magna
385 2013 463 2058 cum
482 1995 697 2060 exultatione
716 1995 849 2077 gratias
871 2013 951 2076 ago,
966 1995 1026 2077 qui
1042 2015 1096 2059 me
1110 2015 1221 2079 usque
1240 2000 1285 2063 ad

235 2111 398 2184 praesens
412 2095 546 2159 cunctis
565 2093 760 2159 inuolutum
782 2094 967 2158 sceleribus
986 2095 1158 2176 patienter
1180 2098 1286 2163 susti·

237 2194 324 2271 nuit,
351 2193 616 2259 misericorditer
637 2194 796 2272 attraxit,
816 2201 853 2258 et
875 2193 994 2258 adsui
1016 2196 1165 2260 nominis
1186 2199 1287 2280 agni-

236 2293 365 2358 tionem
388 2312 573 2377 parumper
607 2294 729 2360 erexit.
787 2293 889 2357 Unde
922 2293 955 2356 ei
987 2293 1173 2360 adhaerere
1201 2298 1285 2361 mihi

235 2393 364 2456 bonum
386 2399 440 2457 est
461 2401 496 2458 et
517 2394 554 2456 in
574 2395 651 2476 ipso
670 2413 797 2476 ponere
820 2412 916 2474 spem
939 2412 1061 2458 meam.
1113 2394 1181 2458 Sed
1204 2398 1286 2479 quid

237 2493 423 2557 retribuam
443 2493 582 2557 domino
597 2513 661 2577 pro
677 2494 835 2557 omnibus
852 2511 940 2574 qnae
955 2493 1113 2558 retribuit
1128 2495 1222 2573 mihi,
1246 2504 1287 2562 ut

236 2592 391 2674 placeam
406 2612 520 2656 coram
538 2612 580 2657 eo
594 2595 631 2657 in
650 2592 780 2656 lumine
793 2593 984 2656 uiuentium
997 2611 1006 2672 ;
1030 2613 1107 2656 cum
1121 2595 1196 2658 sine
1209 2596 1288 2679 ipso

237 2692 322 2756 nihil
330 2691 1017 2770 habemus,nihilsumusnihilualemus.
1051 2691 1185 2776 Magna
1195 2697 1286 2760 enim

237 2792 403 2857 auiditate
426 2800 566 2858 nostrae
588 2792 712 2856 salutis
736 2798 869 2870 auctor,
893 2799 929 2856 et
953 2791 1192 2858 uniuersorum
1216 2795 1286 2862 lar-

233 2893 340 2974 gitor,
355 2900 514 2974 acceptat
527 2899 648 2957 nostra
659 2892 813 2969 minima,
828 2899 868 2956 ut
881 2910 1021 2956 causam
1044 2893 1171 2958 habeat
1185 2897 1291 2961 ratri-¹

235 2991 363 3056 buendi
378 2994 542 3055 'maxima
570 3000 607 3056 et
635 2992 772 3057 infinita
798 2991 938 3074 gaudia.
999 2992 1180 3059 Sectantes
1211 2997 1290 3061 eius

235 3091 428 3156 doctrinam
450 3112 513 3175 per
533 3111 639 3174 opera
658 3091 911 3157 misericordiae
930 3092 979 3157 sio
1001 3094 1211 3172 consolatur,
1234 3097 1290 3160 dia

236 3210 330 3271 oens,
354 3190 456 3271 Quod
482 3190 543 3256 uni
569 3212 614 3256 ex
639 3191 788 3256 minimis
811 3192 896 3257 meis
916 3192 1057 3270 fecistis,
1080 3193 1163 3258 mihi
1185 3195 1287 3260 fecis-

238 3292 296 3356 tis.
349 3291 443 3354 Hinc
463 3299 517 3356 est
532 3292 623 3373 quod
640 3310 718 3355 cum
731 3293 849 3357 dilecti
870 3292 1075 3358 confessoris
1089 3295 1157 3358 mei
1171 3293 1287 3360 Guth-

239 3390 308 3458 laci
341 3391 562 3456 anachoritae
592 3391 710 3456 deuoti
745 3392 936 3456 instructus
962 3391 1103 3458 fuissem
1130 3397 1288 3474 consilio,

238 3489 396 3574 precibus
413 3481 590 3573 pulsatae,
610 3498 790 3573 gratanter
802 3493 839 3555 in
854 3489 946 3555 hunc
961 3493 1100 3557 modum
1119 3495 1290 3576 acquieui.

239 3587 296 3654 Ad
314 3597 516 3674 perpetuam
530 3591 726 3655 securitatis
750 3591 948 3654 memoriam
972 3591 1038 3656 hoc
1059 3592 1289 3677 chirographo

238 3690 371 3771 patenti
405 3690 510 3768 dono,
546 3691 647 3755 trado
682 3698 718 3756 et
753 3690 904 3755 concedo
944 3693 1171 3774 omnipotenti
1210 3693 1288 3773 deo,

237 3789 361 3854 beatae
386 3790 532 3868 Mariae,
555 3797 591 3854 et
613 3797 735 3855 sancto
754 3790 1022 3856 Bartholomaeo
1044 3791 1086 3855 de
1109 3792 1288 3858 dominicis

239 3889 325 3953 meis
360 3890 405 3954 ad
444 3889 681 3966 flmdationem
719 3890 918 3955 monasterii
957 3891 1132 3972 nigrorum
1167 3911 1288 3958 mona-

239 3988 392 4065 chorum,
414 3990 479 4054 sub
502 4009 623 4056 norma
646 3989 739 4054 beati
754 3989 934 4055 Benedicti
949 3989 1014 4055 deo
1035 3989 1288 4072 famulantium,

240 4095 350 4154 totam
365 4089 515 4154 insulam
531 4089 761 4174 Croylandiae
775 4090 818 4154 ad
834 4089 949 4154 sedem
971 4089 1168 4168 abbathiae,
1187 4110 1295 4173 sepa-·

239 4195 352 4258 ratam
376 4196 412 4256 ct
433 4189 637 4273 separaliter
660 4189 893 4270 obtinendam,
918 4207 996 4259 cum
1015 4197 1164 4273 quatuor
1187 4194 1295 4275 aquis
