3172 5030
476 432 648 482 enarras
671 433 1012 482 aueuosrxouroan.
1227 419 1272 484 25

219 592 323 660 Anno
351 594 599 660 incarnationis
628 592 781 658 eiusdem
811 610 980 658 ncuxxrr.
1033 591 1132 659 Nihil
1152 593 1272 658 intuli·

217 715 294 758 mus
316 696 353 758 in
375 694 467 758 hunc
488 694 665 772 mundum,
681 713 801 757 uerum
825 713 887 757 nee
907 694 1042 758 auferre
1064 713 1270 777 possumus;

218 795 296 860 ideo
319 796 464 860 terrenis
486 794 649 859 coelestia
668 801 703 858 et
718 794 856 857 caducis
879 802 1021 858 aeterna
1042 796 1274 878 comparanda

219 903 314 961 sunt.
353 895 434 975 Qua
443 903 586 979 propter
595 915 661 977 ego
677 893 767 959 Eddi
778 895 960 978 episcopus
976 902 1102 960 terram
1116 916 1207 978 quae
1220 897 1272 960 di·

220 995 310 1061 citur
326 995 507 1074 Lantocal,
522 1003 592 1060 tres
614 1002 782 1074 cassatos,
797 994 982 1077 Hemgislo
995 995 1112 1060 abbati
1126 996 1273 1061 libenter

220 1095 371 1178 largior:
404 1116 538 1160 necnon
560 1104 688 1160 terram
709 1095 746 1160 in
770 1095 839 1159 alio
862 1095 952 1174 loco,
972 1096 1058 1160 duas
1081 1104 1272 1176 manenteS,

219 1195 285 1260 hoc
307 1203 361 1261 est
382 1196 419 1260 in
439 1197 554 1261 insula
570 1216 659 1280 qnae
681 1196 757 1278 giro
778 1196 928 1278 cingitur
948 1195 1029 1260 hinc
1051 1202 1156 1279 atque
1176 1197 1272 1262 illinc

218 1297 368 1379 pallude,
398 1297 506 1361 cuius·
524 1296 732 1362 uocabulum
760 1305 814 1361 est
840 1295 1052 1361 Ferramere.
1113 1297 1274 1380 Denique

219 1397 364 1461 solerter
378 1404 471 1480 peto,
488 1405 528 1461 ut
544 1397 659 1462 nullus
674 1404 754 1480 post
768 1397 899 1461 obitum
914 1404 1070 1462 nostrum
1084 1396 1150 1462 hoc
1164 1397 1272 1462 dona-

220 1498 331 1560 tiuum
344 1497 647 1563 inirritumfacere
661 1504 848 1580 presumat.
885 1497 1001 1579 Siquis
1015 1517 1098 1562 uero
1115 1498 1150 1563 id
1162 1506 1273 1582 temp-

221 1597 360 1673 tauerit,
376 1599 465 1663 sciat
480 1617 517 1662 se
534 1597 675 1663 Christo
690 1596 859 1661 rationem
874 1597 1098 1663 redditurum.

276 1694 314 1778 ›1‹
329 1697 406 1781 Ego
420 1697 510 1764 Eddi
524 1699 707 1783 episcopus
723 1697 922 1781 subscripsi.

698 1997 794 2062 XX.

551 2150 572 2192 *
597 2146 849 2228 BALDRED,
872 2147 948 2213 681.

220 2351 223 2356 ,
273 2300 401 2364 onan
431 2317 657 2381 quaecunque
678 2297 866 2362 secundum
896 2297 1163 2364 ecclesiasticam
1194 2321 1274 2366 nor·

222 2419 313 2462 mam
336 2400 428 2462 iusto
448 2397 681 2462 moderamine
709 2398 951 2475 decernuntur,
974 2418 1171 2481 quanquam
1193 2420 1273 2483 pro·

222 2499 334 2581 prium
357 2499 461 2562 robur
484 2496 570 2561 iuris
595 2497 787 2578 optineant,
810 2515 850 2560 ae
875 2504 992 2561 tamen
1018 2499 1101 2580 quia
1122 2500 1274 2564 incertus

222 2598 394 2663 humanae
421 2599 515 2662 uitae
539 2603 653 2662 status
682 2597 860 2661 euidenter
894 2599 1105 2679 agnoscitur,
1137 2600 1275 2682 paginis

220 2699 338 2763 saltim
359 2698 485 2762 uilibus
510 2718 574 2781 pro
596 2697 754 2780 ampliori
777 2697 940 2762 firmitate
963 2699 1189 2766 roborentur:
1214 2700 1274 2765 de·

222 2800 327 2884 nique
345 2819 410 2882 ego
426 2798 619 2864 Baldredus
641 2818 716 2876 rex,
731 2798 775 2863 ob
797 2816 947 2862 amorem
962 2798 1119 2864 coelestis
1142 2801 1275 2883 patriae

220 2907 258 2965 et
267 2899 516 2981 indulgentiam
531 2899 710 2962 criminum
725 2918 891 2976 meorum,
900 2898 1051 2982 aliquam
1067 2907 1180 2964 terrae
1194 2920 1274 2983 por-

221 3000 411 3065 tiunculam
428 2998 615 3082 Hamgislo
631 2999 749 3065 abbati
767 2999 925 3077 libenter,
939 2999 984 3063 ad
998 3001 1274 3084 supplementum

198 3105 203 3120 “
223 3100 434 3166 honorabilis
456 3100 621 3164 ecclesiae
642 3102 765 3164 beatae
782 3099 917 3164 Mariae
939 3107 974 3163 et
996 3102 1109 3166 sancti
1132 3101 1276 3182 Patrici,

223 3200 375 3278 confero,
385 3220 463 3264 cum
472 3219 642 3265 consensu
656 3200 829 3283 pontificis
840 3199 951 3264 nostri
960 3199 1090 3279 Heddi,
1101 3202 1161 3283 qui
1171 3203 1276 3268 etiam

224 3302 368 3366 eundem
378 3300 610 3365 uenerabilem
627 3299 861 3383 Hamgislum,
879 3299 1082 3365 Kentuuino
1097 3322 1180 3384 rege
1194 3325 1276 3370 con-

222 3402 406 3479 sentiente,
424 3401 549 3466 ibidem
566 3401 725 3466 abbatem
741 3421 804 3483 pro
821 3419 886 3465 sua
902 3400 995 3464 fideli
1014 3405 1278 3468 conuersatione

223 3501 414 3579 constituit,
430 3509 465 3566 et
478 3507 691 3566 caeterorum
711 3508 935 3583 cognatorum
951 3503 1186 3582 gubernacula
1199 3523 1277 3585 reg-

224 3603 260 3665 ni
275 3602 482 3684 regentium:
499 3601 711 3683 praelargita
725 3621 808 3665 uero
823 3608 916 3665 terra
931 3608 1101 3684 estsuper
1114 3603 1277 3667 uerticem

225 3703 352 3767 montis
374 3703 472 3765 cuius
495 3701 702 3766 uocabulum
729 3709 783 3766 est
805 3700 979 3780 Penuard‚
1002 3709 1037 3766 et
1059 3709 1113 3766 est
1135 3703 1200 3765 sub
1223 3723 1277 3767 es-

224 3804 406 3867 timatione
428 3821 491 3866 sex
515 3803 740 3880 manentium,
756 3809 791 3866 et
805 3802 871 3865 hiis
893 3802 985 3866 intro
1008 3802 1052 3866 ad
1077 3802 1278 3868 aecclesiam

223 3904 346 3968 beatae
363 3902 498 3966 Mariae
512 3902 754 3967 circumcincta
767 3902 957 3966 dinoscitur
971 3902 1139 3982 confiniis,
1154 3910 1219 3968 etc.

276 4004 330 4069 Sit
344 4004 486 4068 obsecro
509 4003 715 4086 augentibus
737 4021 818 4086 pars
840 4003 877 4066 in
899 4022 1006 4083 regno
1025 4003 1091 4068 dei.
1144 4003 1181 4066 Si
1201 4005 1278 4086 quis

226 4112 355 4183 autern,
370 4105 462 4188 quod
490 4105 592 4182 absit,
607 4103 778 4168 tirannica
792 4101 901 4168 fretus
928 4110 1113 4186 potestate,
1130 4103 1195 4169 hoc
1218 4105 1277 4170 dc-

227 4213 357 4272 cretum
379 4206 548 4271 uiolenter
573 4205 706 4269 irritum
731 4202 843 4268 facere
869 4205 1102 4287 temptauerit,
1126 4205 1215 4271 sciat
1241 4227 1278 4272 se
