3112 5032
444 460 616 508 cnnnrnn
639 457 980 508 nunnosnxonronn.
1175 445 1241 509 187

186 614 249 678 tibi
265 614 351 678 satis
366 617 599 693 accommoda,
614 617 697 699 quia
719 616 756 680 in
779 615 893 680 medio
914 615 1061 678 iacebat.
1113 615 1151 679 Si
1165 617 1240 698 quis

189 721 306 779 autem
321 723 442 780 contra
456 716 546 780 hanc
560 717 780 781 donationem
795 734 907 779 meam
923 714 1110 796 aliquando
1122 718 1240 781 uenire

187 815 306 878 inuido
328 816 560 900 maliuoloque
577 818 692 881 animo
706 816 938 898 temptauerit,
953 816 1000 879 sit
1014 815 1051 878 in
1067 817 1242 897 praesenti

187 921 369 998 separatus
384 935 407 981 a
422 921 661 982 communione
678 924 820 981 sanetae
843 916 1031 980 aecclesiae
1047 914 1189 995 Christi,
1206 925 1242 981 et

187 1016 224 1078 in
249 1014 367 1080 futuro
393 1035 415 1080 a
438 1017 604 1082 societate
627 1024 826 1081 sanctorum
850 1016 1002 1081 omnium
1024 1024 1239 1098 segregatus

187 1115 390 1180 Manentem
421 1115 510 1181 hanc
540 1117 710 1182 cartulam
748 1117 786 1180 in
815 1135 879 1180 sua
915 1135 1051 1198 semper
1078 1115 1240 1180 firmitate

186 1215 287 1296 signo
302 1215 493 1281 dominicae
507 1218 618 1281 crucis
633 1216 805 1294 roboraui,
826 1223 862 1280 et
875 1215 1016 1280 idoneos
1031 1222 1138 1280 testes
1151 1222 1191 1279 ut
1205 1224 1242 1281 et

187 1314 336 1398 idipsum
351 1315 504 1382 iacerent
516 1317 669 1382 adhibui.
719 1314 850 1381 Actum
871 1335 962 1380 anno
984 1316 1172 1380 dominicae
1186 1317 1240 1380 in·

187 1417 398 1480 carnationis
420 1435 655 1482 necnxxxlx.
669 1417 789 1482 indict.
805 1433 874 1480 xn.
897 1417 934 1480 in
955 1417 1032 1481 loco
1048 1416 1108 1480 uhi
1129 1416 1238 1480 norni-

186 1522 291 1579 natur
305 1515 467 1600 Celehyh.
500 1551 509 1558 ·

244 1617 283 1697 »1⁴
297 1616 375 1698 Ego
389 1617 479 1695 Offa,
489 1638 551 1681 rex
566 1617 787 1697 Marciorum,
797 1618 886 1682 hanc
895 1617 1117 1681 donationem
1126 1636 1239 1682 meam

187 1715 289 1797 signo
303 1723 444 1781 sanctae
457 1719 569 1781 erucis
584 1719 756 1783 roboraui.
789 1721 827 1801 ›1‹
845 1719 921 1799 Ego
931 1711 1071 1800 Eegirib
1080 1735 1241 1782 rex-con-

188 1815 282 1879 sensi
308 1822 343 1880 et
368 1817 568 1900 subscripsi.
625 1819 757 1901 ›14Ego
784 1816 1025 1894 Iaenberhtus
1047 1816 1162 1898 gratia
1186 1817 1242 1884 dei

188 1915 465 2000 archiepiscopus
486 1919 705 1982 consentiens
717 1918 916 2000 subscripsi.
974 1918 1012 1998 ›1‹
1026 1915 1104 1998 Ego
1118 1915 1242 2000 Hyge-

187 2015 288 2081 berht
303 2017 579 2101 archiepiscopus
593 2017 791 2100 subscripsi.
849 2020 888 2100 ›1‹
904 2017 982 2098 Ego
998 2015 1242 2100 Ceoluulfepi-

188 2135 314 2199 scopus
329 2117 527 2201 subscripsi.
585 2120 624 2200 ᾖ
652 2117 728 2200 Ego
755 2117 936 2182 Heardred
956 2117 1137 2199 episcopus
1160 2119 1242 2183 sub-

189 2217 322 2299 scripsi.
351 2220 391 2300 *1⁴
405 2219 482 2301 Ego
495 2219 671 2282 Unuuona
685 2217 865 2300 episeopus
881 2217 1077 2298 subscripsi.
1105 2218 1146 2298 »Β
1164 2219 1241 2300 Ego

189 2314 386 2399 cyneberht
397 2320 579 2402 episcopus
594 2317 793 2400 subscripsi.
832 2318 871 2398 ›1‹
889 2318 965 2398 Ego
977 2314 1155 2398 Algheard
1168 2321 1241 2401 epi-

188 2435 313 2499 scopus
328 2419 526 2501 subscripsi.
572 2418 611 2498 ›1‹
628 2418 705 2500 Ego
721 2418 946 2483 Uuaermund
961 2417 1144 2500 episcopus
1159 2421 1240 2484 sub·

188 2516 321 2599 scripsi.
371 2519 410 2599 ›1‹
427 2507 504 2600 Ego
516 2517 658 2600 Eadgar
672 2519 855 2601 episcopus
870 2517 1067 2598 subscripsi.
1107 2518 1147 2598 ›1‹
1163 2519 1242 2602 Ego

189 2616 400 2681 Uueohthun
428 2619 610 2700 episcopus
634 2619 828 2701 subscripsi.
887 2618 926 2698 ›1‹
951 2617 1096 2700 Signum
1118 2638 1241 2684 manus

188 2715 397 2782 Ealhmundi
410 2719 558 2782 abbatis.
609 2718 648 2798 ›1‹
665 2718 809 2800 Signum
822 2738 944 2782 manus
955 2718 1124 2782 Beonnan
1135 2720 1241 2782 abba-

188 2816 245 2880 tis.
303 2819 341 2899 ›1‹
358 2817 501 2900 Signum
522 2835 645 2881 manus
670 2817 839 2883 Brordan.
897 2820 937 2900 ›1‹
953 2817 1098 2899 Signum
1119 2837 1241 2882 manus

189 2915 437 2981 Bethtuunldi.
485 2919 524 2999 ›1‹
541 2918 684 2999 Signum
701 2936 823 2981 manus
838 2916 1048 2982 Aebilhardi.
1106 2919 1144 2999 ›1‹
1162 2918 1241 3001 Sig-

188 3035 269 3078 num
283 3035 405 3082 manus
420 3018 617 3100 Unigcgan.
674 3020 713 3100 ›1‹
730 3018 874 3100 Signum
888 3037 1011 3082 manus
1026 3017 1240 3084 Ceolmundi.

192 3116 233 3198 ›1‹
259 3116 402 3198 Signum
434 3137 557 3182 manus
588 3117 802 3184 Ceolheardi.
874 3121 914 3201 ›1‹
945 3119 1088 3202 Signum
1118 3137 1241 3184 manus

189 3214 370 3282 Eadbaldi.
426 3218 466 3298 ›1‹
485 3218 629 3302 Signum
658 3239 781 3283 manus
807 3218 982 3285 Forbredi.
1031 3220 1071 3300 ›1‹
1096 3219 1241 3301 Signum

187 3335 311 3379 manus
350 3317 547 3400 Uuigcgan.
620 3321 658 3401 ›1‹
690 3319 835 3402 Signum
873 3339 996 3384 manus
1035 3318 1240 3384 Heaberhti.

192 3418 233 3498 ›1‹
250 3415 394 3500 Signum
408 3438 531 3484 manus
547 3419 684 3484 Ubban.

651 3716 779 3782 CLVI.

262 3863 578 3930 HEATHORED
602 3864 711 3931 AND
737 3867 1065 3946 UULFHEARD,
1086 3866 1163 3932 789.

244 4015 283 4095 ›1‹
299 4013 458 4080 Sancum
474 3996 621 4100 namque
635 4017 783 4081 labentis
798 4026 954 4100 tempora
967 4017 1119 4082 uelocius
1134 4026 1240 4084 uento

187 4108 312 4177 aerem¹
323 4123 477 4181 tranant.
487 4117 632 4200 ideoque
644 4137 762 4183 omnes
777 4118 892 4182 firmas
908 4118 1116 4183 statutiones
1131 4119 1239 4183 seriae
1340 4187 1342 4190 .

427 4241 434 4274 ¹
453 4245 527 4296 MSS.
537 4251 553 4296 2
565 4247 615 4296 and
627 4251 642 4296 ³
654 4246 740 4296 read“
750 4247 864 4296 adfinem
876 4247 1003 4296 tranant.”
