3134 5030
448 465 986 515 cnrnrrnrucnosrxourcua.
1178 451 1244 515 265

192 629 268 710 Ego
296 626 551 692 Wullheardus
587 625 779 709 episcopus.
848 628 889 707 44
904 625 982 706 Ego
1021 626 1124 708 Dyne
1159 625 1241 689 dux.

196 729 235 810 44
250 728 328 810 Ego
354 726 546 808 Wigheard
573 728 691 790 abbas
750 726 789 807 44
804 725 881 807 Ego
911 724 1030 789 Mucel
1057 727 1140 790 dux.
1198 728 1238 808 44

187 829 268 910 Ego
301 826 483 890 Eanmund
514 827 633 891 abbas.
690 826 729 907 44
745 825 822 908 Ego
846 824 944 889 Sired
969 825 1053 889 dux.
1111 826 1150 907 44
1167 825 1243 907 Ego

190 927 352 992 Wihtred
380 928 496 991 abbas.
556 928 596 1008 44
613 927 689 1007 Ego
718 924 950 990 Heardberht.
1008 925 1047 1006 44
1062 925 1139 1006 Ego
1169 925 1242 988 Til-

189 1027 291 1092 bcrht
305 1027 420 1090 abbas.
480 1027 519 1108 44
535 1025 612 1109 Ego
634 1025 821 1090 Eadberht.
878 1026 917 1107 44
933 1025 1009 1106 Ego
1024 1023 1242 1089 Pcotabbas.

196 1129 235 1210 44
251 1127 326 1210 Ego
338 1126 538 1209 Wigheard.

664 1448 780 1514 ch.

524 1595 808 1700 coauuunn,
833 1621 909 1685 are.

248 1797 288 1878 44
306 1795 564 1862 Gunnnuaurn
586 1797 774 1862 altithrono
797 1798 933 1862 tonanti
958 1806 1118 1882 cunctaq:
1145 1819 1244 1865 mun-

193 1896 230 1960 di
244 1897 443 1962 monarchia
456 1897 647 1962 moderanti
669 1896 730 1980 qui
754 1905 808 1962 est
822 1905 858 1963 et
870 1899 930 1981 qui
945 1906 1020 1964 erat
1034 1906 1069 1964 et
1084 1901 1144 1982 qui
1159 1922 1243 1965 uen-

194 2003 292 2062 turus
315 2005 377 2062 cst.
403 1997 500 2062 cuius
525 1997 690 2062 melliflua
714 1999 829 2080 gratia
856 1997 1026 2063 adridenti
1045 2017 1110 2081 ego
1132 2000 1242 2066 Coen-

193 2097 283 2161 wulf
305 2118 366 2162 rex
390 2096 501 2162 Meri.
522 2098 691 2181 regimina
709 2098 843 2181 Sceptri
860 2118 937 2162 cum
953 2100 1097 2164 consilio
1111 2108 1146 2165 et
1161 2121 1244 2165 con·

195 2216 299 2262 sensu
322 2205 507 2280 pantorum
529 2218 709 2283 procerum
736 2205 970 2283 praetorumq:
991 2219 1144 2264 meorum
1158 2221 1244 2284 quo-

195 2317 270 2360 rum
292 2297 384 2362 infra
409 2307 578 2364 caraxata
599 2301 796 2382 liquescunt
820 2299 1010 2367 uocabulae
1038 2319 1114 2363 meo
1143 2321 1243 2383 prac-

194 2398 287 2462 claro
318 2405 389 2482 atq:
421 2399 625 2482 praeponite
654 2398 777 2482 pontis.
806 2399 1004 2464 Daneberto
1026 2399 1188 2465 uidelicet
1209 2409 1245 2466 et

194 2497 268 2561 eius
306 2499 440 2564 delecta
473 2500 721 2582 uuegemcnsis
756 2500 941 2564 aecclesiae
971 2501 1242 2582 congregationi.

194 2598 260 2662 hoc
274 2597 444 2663 libertatis
458 2607 493 2664 et
507 2601 736 2684 expeditionis
758 2601 977 2683 priuilegium
998 2601 1041 2664 dc
1057 2602 1131 2666 istis
1145 2603 1243 2666 terri·

194 2699 292 2762 toriis
316 2719 520 2782 componere
534 2701 679 2766 decreui.
696 2700 762 2764 hoc
778 2707 832 2764 est
851 2700 1051 2784 huitingtun
1074 2709 1109 2767 et
1123 2721 1244 2784 speac·

194 2799 349 2878 leahtun,
374 2806 410 2864 et
433 2801 772 2884 teolouualdingcoto
801 2809 837 2867 et
860 2802 944 2866 haec
967 2803 1011 2866 ab
1035 2801 1167 2866 oriente
1190 2810 1244 2867 est

195 2899 345 2964 fluminis
368 2901 526 2966 sacbrino
553 2909 589 2966 et
610 2902 664 2966 his
686 2902 966 2966 luculentissimis
995 2908 1049 2966 est
1076 2902 1246 2985 liquidata

196 2999 363 3080 confiniis,
377 3001 421 3064 ab
444 3001 605 3084 aquilone
624 3009 660 3066 et
673 3003 804 3066 oriente
822 3003 932 3065 amnis
955 2995 1015 3065 illa
1036 3003 1245 3085 protendens

196 3119 284 3181 quae
299 3108 353 3165 est
368 3101 579 3186 saloweorpe
595 3110 630 3166 et
640 3103 683 3167 de
694 3121 736 3166 ea
749 3102 784 3164 in
799 3102 986 3184 headleage
1001 3109 1036 3166 et
1049 3103 1098 3166 sic
1114 3103 1150 3166 in
1165 3103 1244 3167 reli·

196 3220 282 3282 quos
297 3201 426 3265 dudum
441 3203 610 3286 ascriptos
626 3202 875 3268 territoriorum
888 3202 1062 3267 terminos.
1075 3205 1245 3268 etiterum

196 3301 232 3363 in
247 3301 423 3365 occidente
442 3301 625 3382 [Sabrinae
642 3295 754 3382 haec]¹
778 3311 871 3367 terra
892 3309 946 3366 est
966 3303 1003 3365 in
1025 3322 1246 3385 uueogorena

195 3401 294 3482 laage
309 3418 407 3465 xxx,
422 3410 601 3466 manentes
616 3404 667 3467 ita
679 3403 911 3485 circumquaq:
932 3403 1135 3484 terminat[a
1149 3402 1245 3468 uide·

198 3507 263 3564 tur.
277 3495 463 3585 inp]¹rimis
475 3502 516 3566 os
526 3503 726 3584 Moseleage
737 3502 774 3564 in
785 3500 1017 3584 Subbingwic.
1030 3509 1065 3566 et
1075 3501 1197 3568 deinde
1208 3503 1244 3568 iu

196 3600 326 3665 lawcrn
338 3601 420 3665 exin
431 3610 528 3667 'certe
541 3604 578 3666 in
592 3603 708 3685 hagan
722 3621 812 3684 quae
827 3609 908 3685 post
922 3621 960 3666 se
970 3602 1120 3667 trahitur
1129 3603 1166 3667 in
1177 3603 1245 3668 Te-

196 3700 343 3764 medam.
358 3701 501 3766 liberam
515 3723 618 3785 quoq:
635 3710 761 3767 terram
771 3702 874 3766 istam
883 3702 1071 3785 conscripsi
1081 3704 1125 3767 ab
1137 3705 1246 3768 omni-

195 3801 260 3864 bus
277 3801 354 3865 aliis
369 3803 603 3866 saecularibus
614 3804 716 3867 rebus
727 3803 856 3885 durisq:
869 3803 1093 3868 seruitutibus
1104 3804 1246 3869 modicis

197 3907 233 3965 et
243 3903 378 3984 magnis
394 3903 486 3967 notis
502 3902 630 3984 ignotis
644 3910 761 3986 preter
775 3911 911 3969 tantum
933 3903 987 3966 his
1003 3903 1113 3968 tribus
1133 3905 1246 3968 causis

197 4001 287 4065 arcis
302 4010 336 4066 et
348 4003 465 4086 pontis
478 4004 734 4068 constructione
750 4011 787 4069 et
800 4004 1018 4087 expeditione
1034 4006 1121 4086 [atqz
1134 4023 1156 4066 a
1165 4024 1245 4086 pas·

197 4121 264 4166 cua
279 4103 370 4184 regis
383 4109 419 4166 ct
432 4103 598 4188 principis
619 4105 676 4169 uel
698 4104 912 4169 subditorum
934 4097 1095 4186 eorum].²
1146 4103 1246 4169 Simi-

305 4243 313 4276 ¹
327 4247 448 4312 wanting
458 4249 484 4298 in
494 4249 536 4300 the
548 4251 602 4300 first
611 4250 668 4300 MS.
739 4244 750 4274 ²
761 4248 881 4310 wanting
891 4248 917 4296 in
928 4247 970 4298 the
983 4249 1040 4300 MS.
1052 4249 1103 4300 No.
1116 4252 1140 4298 8.
