3188 5032
303 346 347 414 64
561 361 734 414 suenrus
757 358 1099 412 Anenosnxomcnu.

777 583 881 650 LVI.

249 755 251 760 '
336 747 741 815 AETHILUUEARD
767 747 831 813 OF
853 745 957 812 THE
981 743 1226 824 HWICCAS,
1248 747 1324 811 706.

336 914 429 995 »ΜΝ
440 915 577 980 nomine
589 913 718 980 domini
727 912 837 976 nostri
846 910 952 974 Ihesu
962 908 1110 976 Christi!
1136 910 1357 992 Egertbil-

303 1015 433 1081 uueard
453 1014 670 1096 subregulus,
686 1011 811 1076 Osheri
825 1010 999 1094 quondam
1020 1010 1112 1092 regis
1133 1011 1354 1078 Unieciorum

304 1114 407 1192 filius,
423 1122 549 1179 terram
565 1130 634 1176 ΧΠ.
651 1120 865 1176 cassatorum
876 1111 913 1173 in
927 1110 1003 1174 loco
1018 1129 1119 1193 quern
1133 1110 1254 1174 dicunt
1268 1109 1354 1175 Am-

302 1214 468 1295 breslege,
484 1213 720 1277 consentiente
736 1209 914 1276 Coenredo
936 1228 1018 1291 rege
1034 1210 1254 1287 Merciorum,
1278 1230 1355 1274 curn

302 1314 461 1378 omnibus
475 1313 520 1379 ad
535 1331 573 1376 se
588 1312 839 1395 pertinentibus
852 1310 955 1373 rebus
979 1311 1193 1386 necessariis,
1209 1309 1274 1374 hoc
1288 1319 1353 1388 est,

302 1412 339 1476 in
363 1411 461 1476 siluis
486 1413 523 1476 in
550 1413 691 1495 campis,
717 1411 753 1475 in
784 1417 929 1493 captura
958 1403 1063 1473 etiam
1090 1409 1237 1492 piscium
1266 1430 1353 1493 quae

302 1519 415 1576 terrae
429 1511 479 1575 illi
495 1511 641 1589 adiacet,
656 1511 716 1574 ubi
728 1518 810 1574 sunt
825 1510 956 1574 scilicet
971 1509 1039 1578 duo
1055 1509 1147 1591 quod
1169 1512 1353 1575 nostratim

302 1610 428 1674 dicitur
441 1631 575 1689 uueres,
588 1611 623 1675 id
638 1618 703 1688 est,
716 1611 804 1676 alter
818 1610 877 1675 ubi
891 1609 1055 1674 fontanus
1078 1608 1137 1691 qui
1157 1611 1355 1674 nominatur

304 1709 564 1775 Ombresuuelle
578 1711 749 1775 diriuatnr
762 1711 798 1773 in
813 1710 958 1775 fluuium
972 1709 1032 1793 qui
1046 1709 1173 1772 dicitur
1187 1710 1352 1788 Saberna,

302 1811 391 1875 alter
406 1811 465 1894 qui
485 1819 538 1880 est
559 1810 604 1874 ad
626 1810 753 1874 uadum
769 1811 828 1892 qui
850 1817 1069 1891 nuncupatur
1082 1808 1285 1886 Leuerford,
1308 1811 1351 1874 ad

302 1911 602 1993 amplificationem
611 1910 864 1974 ecclesiasticae
872 1909 1112 1991 possessionis
1123 1929 1186 1990 pro
1198 1909 1352 1993 redemp-

302 2012 396 2075 tione
418 2011 552 2074 animae
574 2030 670 2074 meae
693 2017 729 2074 et
747 2029 810 2092 pro
832 2027 894 2091 spe
909 2008 1031 2073 salutis
1053 2015 1226 2086 aeternae,
1248 2029 1351 2073 nene-

301 2110 411 2175 rando
421 2110 603 2192 Ecguuino
617 2111 779 2192 episcopo
795 2105 839 2172 ad
852 2108 1053 2172 aecclesiam
1062 2126 1197 2191 semper
1207 2109 1351 2191 uirginis

303 2209 358 2273 dei
395 2210 579 2292 genetricis
611 2208 745 2274 Mariae
775 2229 863 2292 quae
896 2208 1043 2272 fundata
1067 2215 1166 2272 extat
1201 2209 1238 2272 in
1265 2208 1350 2274 Cro-

302 2309 517 2387 nuchomme,
533 2329 648 2374 coram
668 2309 801 2373 idoneis
815 2309 961 2372 testibus
975 2308 1122 2372 libenter
1135 2326 1198 2389 pro
1214 2307 1351 2373 domino

301 2409 448 2492 largitus
464 2428 552 2487 sum,
574 2409 721 2492 eoquod
741 2410 816 2492 ipse
832 2406 936 2470 etiam
960 2407 1093 2489 praetio
1114 2409 1305 2490 approbato
1329 2429 1351 2472 a

301 2529 357 2574 me
381 2509 628 2591 conquirebat3
652 2528 694 2572 ea
715 2508 898 2571 dumtaxat
920 2506 1116 2570 conditione
1137 2507 1173 2570 in
1195 2507 1352 2590 praefata

302 2609 487 2673 traditione
501 2628 524 2672 a
537 2629 590 2672 me
606 2609 794 2691 composita
810 2608 847 2670 in
861 2613 1062 2690 perpetuam
1080 2606 1249 2671 libertatis
1271 2627 1351 2690 pos·

302 2710 506 2788 sessionem;
521 2715 677 2772 statuens
688 2707 875 2771 decaetero
889 2714 930 2770 ut
940 2709 984 2770 ab
993 2706 1086 2770 omni
1095 2706 1232 2788 publico
1246 2707 1351 2771 uecti-

303 2809 388 2890 gali,
410 2827 432 2872 a
445 2809 554 2885 nictu,
570 2809 613 2871 ab
630 2807 860 2889 expeditione,
875 2808 919 2870 ab
939 2826 1042 2890 opere
1058 2807 1154 2888 regio
1169 2807 1215 2871 sit
1230 2806 1350 2884 libera,

302 2915 440 2972 tantum
453 2916 493 2973 nt
507 2908 692 2972 aecclesiae
706 2906 883 2988 praefatae
905 2908 1027 2971 beatae
1048 2907 1194 2983 Mariae,
1212 2906 1277 2970 hoc
1298 2914 1351 2971 est

303 3007 467 3073 fratribus
488 3007 615 3073 ibidem
639 3007 879 3083 sentientibus
895 3013 1022 3070 cuncta
1043 3006 1187 3088 quaein
1210 3025 1251 3070 eo
1274 3007 1350 3071 loco

303 3108 348 3172 ad
362 3116 482 3191 aptum
496 3115 532 3172 et
546 3107 590 3170 ad
606 3107 790 3171 utilitatem
801 3108 973 3190 pertinere
987 3113 1134 3188 possunt
1149 3113 1350 3184 seruentur3

303 3216 449 3291 excepto
465 3227 518 3284 eo,
529 3215 570 3271 ut
578 3207 608 3269 si
623 3207 761 3289 quando
771 3208 808 3270 in
820 3208 935 3271 insula
950 3205 1059 3269 eidem
1075 3205 1145 3269 ruri
1159 3206 1353 3287 pertinente

303 3315 493 3390 prouentus
518 3307 690 3389 copiosior
704 3307 838 3387 glandis
861 3306 1036 3383 acciderit,
1055 3306 1116 3368 uni
1138 3304 1351 3369 solummodo

304 3408 402 3492 gregi
425 3427 608 3491 porcorum
626 3406 768 3487 saginae
791 3412 911 3488 pastus
934 3407 1008 3488 regi
1030 3404 1293 3470 concederetur:
1318 3413 1352 3468 et

304 3514 441 3589 praeter
455 3508 520 3572 hoc
531 3506 630 3584 nulli,
643 3525 755 3587 neque
769 3505 914 3587 principi
929 3525 1040 3588 neque
1055 3504 1230 3588 praefecto
1242 3524 1352 3587 neque

304 3607 442 3672 tiranno
456 3607 571 3685 alicui,
587 3624 718 3689 pascua
729 3605 1005 3684 constituantur3
1021 3613 1061 3669 ut
1076 3605 1262 3670 elemosina
1276 3623 1353 3668 mea

304 3725 408 3788 quam
432 3727 496 3788 pro
520 3705 670 3771 remedio
693 3705 827 3769 animae
854 3724 950 3768 meae
968 3705 1116 3770 libenter
1134 3704 1275 3782 donaui,
1299 3706 1351 3769 in-

304 3795 435 3870 uiolata
458 3813 493 3871 et
514 3806 719 3871 inconcussa
741 3812 953 3887 permaneat.
1005 3804 1043 3868 Si
1061 3806 1137 3886 quis
1160 3812 1276 3869 autem
1291 3805 1352 3870 do·

303 3906 478 3971 nationem
496 3905 635 3970 Christo
652 3925 673 3970 a
688 3905 788 3970 nobis
803 3903 966 3968 traditam
989 3905 1211 3987 temptauerit
1230 3904 1351 3968 infrin-

302 4025 396 4086 gere,
411 4005 608 4088 confringat
621 4005 704 4070 deus
724 4025 870 4087 regnum
892 4012 928 4068 et
949 4005 1140 4087 potentiam
1154 4003 1226 4067 eius
1241 4005 1297 4068 hic
1319 4012 1353 4069 et

304 4103 341 4167 in
363 4104 480 4169 futuro
498 4105 653 4182 saeculo,
675 4107 789 4188 sitque
811 4121 892 4186 pars
915 4105 989 4167 eius
1012 4123 1089 4169 cum
1113 4101 1203 4173 Iuda
1224 4104 1353 4176 infideli
