<?xml version="1.0" encoding="UTF-8"?>
<!DOCTYPE html PUBLIC "-//W3C//DTD XHTML 1.0 Transitional//EN"
    "http://www.w3.org/TR/xhtml1/DTD/xhtml1-transitional.dtd">
<html xmlns="http://www.w3.org/1999/xhtml" xml:lang="en" lang="en">
 <head>
  <title>
</title>
<meta http-equiv="Content-Type" content="text/html;charset=utf-8" />
  <meta name='ocr-system' content='tesseract 3.04.00' />
  <meta name='ocr-capabilities' content='ocr_page ocr_carea ocr_par ocr_line ocrx_word'/>
</head>
<body>
  <div class='ocr_page' id='page_1' title='image "./codexdiplomatic04kembgoog_0171.png"; bbox 0 0 3172 5030; ppageno 0'>
   <div class='ocr_carea' id='block_1_1' title="bbox 334 427 1130 494">
    <p class='ocr_par' dir='ltr' id='par_1_1' title="bbox 334 427 1130 494">
     <span class='ocr_line' id='line_1_1' title="bbox 334 427 1130 494; baseline 0 -2"><span class='ocrx_word' id='word_1_1' title='bbox 334 427 378 492; x_wconf 72' lang='lat'>20</span> <span class='ocrx_word' id='word_1_2' title='bbox 591 445 764 494; x_wconf 74' lang='lat' dir='ltr'>curnula</span> <span class='ocrx_word' id='word_1_3' title='bbox 787 441 1130 492; x_wconf 75' lang='lat' dir='ltr'>ancnosrxonrcrn.</span> 
     </span>
    </p>
   </div>
   <div class='ocr_carea' id='block_1_2' title="bbox 337 601 1390 887">
    <p class='ocr_par' dir='ltr' id='par_1_2' title="bbox 337 601 1390 887">
     <span class='ocr_line' id='line_1_2' title="bbox 337 601 1388 687; baseline -0.002 -19"><span class='ocrx_word' id='word_1_4' title='bbox 337 606 374 668; x_wconf 89' lang='lat' dir='ltr'>in</span> <span class='ocrx_word' id='word_1_5' title='bbox 393 602 548 668; x_wconf 90' lang='lat' dir='ltr'>hocloco</span> <span class='ocrx_word' id='word_1_6' title='bbox 564 612 639 667; x_wconf 90' lang='lat' dir='ltr'>erat</span> <span class='ocrx_word' id='word_1_7' title='bbox 654 604 714 687; x_wconf 93' lang='lat' dir='ltr'>qui</span> <span class='ocrx_word' id='word_1_8' title='bbox 735 602 861 667; x_wconf 90' lang='lat' dir='ltr'>dicitur</span> <span class='ocrx_word' id='word_1_9' title='bbox 876 601 1038 666; x_wconf 88' lang='lat' dir='ltr'>Miraleld</span> <span class='ocrx_word' id='word_1_10' title='bbox 1054 609 1160 685; x_wconf 88' lang='lat' dir='ltr'>atque</span> <span class='ocrx_word' id='word_1_11' title='bbox 1175 601 1388 684; x_wconf 85' lang='lat' dir='ltr'>Stapulford.</span> 
     </span>
     <span class='ocr_line' id='line_1_3' title="bbox 340 701 1390 780; baseline -0.003 -12"><span class='ocrx_word' id='word_1_12' title='bbox 340 701 446 768; x_wconf 85' lang='lat' dir='ltr'>Anno</span> <span class='ocrx_word' id='word_1_13' title='bbox 473 705 517 767; x_wconf 91' lang='lat' dir='ltr'>ab</span> <span class='ocrx_word' id='word_1_14' title='bbox 541 705 780 768; x_wconf 79' lang='lat' dir='ltr'>incarnatione</span> <span class='ocrx_word' id='word_1_15' title='bbox 814 702 944 767; x_wconf 86' lang='lat' dir='ltr'>Christi</span> <span class='ocrx_word' id='word_1_16' title='bbox 975 705 1167 780; x_wconf 74' lang='lat' dir='ltr'>nchxxvi⁰,</span> <span class='ocrx_word' id='word_1_17' title='bbox 1194 701 1390 767; x_wconf 90' lang='lat' dir='ltr'>Indictione</span> 
     </span>
     <span class='ocr_line' id='line_1_4' title="bbox 341 796 1160 887; baseline -0.001 -19"><span class='ocrx_word' id='word_1_18' title='bbox 341 806 424 882; x_wconf 79' lang='lat' dir='ltr'>rrrr⁸,</span> <span class='ocrx_word' id='word_1_19' title='bbox 439 820 517 868; x_wconf 83' lang='lat' dir='ltr'>vrri.</span> <span class='ocrx_word' id='word_1_20' title='bbox 532 803 587 868; x_wconf 90' lang='lat' dir='ltr'>die</span> <span class='ocrx_word' id='word_1_21' title='bbox 600 805 727 869; x_wconf 86' lang='lat' dir='ltr'>mensis</span> <span class='ocrx_word' id='word_1_22' title='bbox 743 803 910 881; x_wconf 85' lang='lat' dir='ltr'>Ianuarii,</span> <span class='ocrx_word' id='word_1_23' title='bbox 925 803 1037 887; x_wconf 90' lang='lat' dir='ltr'>prima</span> <span class='ocrx_word' id='word_1_24' title='bbox 1051 796 1160 867; x_wconf 87' lang='lat' dir='ltr'>feria.¹</span> 
     </span>
    </p>
   </div>
   <div class='ocr_carea' id='block_1_3' title="bbox 559 1066 1178 1282">
    <p class='ocr_par' dir='ltr' id='par_1_3' title="bbox 559 1066 1178 1282">
     <span class='ocr_line' id='line_1_5' title="bbox 824 1066 914 1133; baseline 0 -1"><span class='ocrx_word' id='word_1_25' title='bbox 824 1066 914 1133; x_wconf 91' lang='lat' dir='ltr'>XV.</span> 
     </span>
     <span class='ocr_line' id='line_1_6' title="bbox 559 1214 1178 1282; baseline -0.003 0"><span class='ocrx_word' id='word_1_26' title='bbox 559 1219 580 1262; x_wconf 82' lang='lat'><em>*</em></span> <span class='ocrx_word' id='word_1_27' title='bbox 604 1214 914 1282; x_wconf 82' lang='lat' dir='ltr'>SUAEBHARD</span> <span class='ocrx_word' id='word_1_28' title='bbox 939 1216 1004 1280; x_wconf 86' lang='lat' dir='ltr'>OF</span> <span class='ocrx_word' id='word_1_29' title='bbox 1028 1215 1178 1281; x_wconf 86' lang='lat' dir='ltr'><strong>KENT.</strong></span> 
     </span>
    </p>
   </div>
   <div class='ocr_carea' id='block_1_4' title="bbox 275 1365 1401 3259">
    <p class='ocr_par' dir='ltr' id='par_1_4' title="bbox 275 1365 1401 3042">
     <span class='ocr_line' id='line_1_7' title="bbox 395 1365 1396 1450; baseline -0.004 -17"><span class='ocrx_word' id='word_1_30' title='bbox 395 1369 440 1433; x_wconf 80' lang='grc' dir='ltr'>ΙΝ</span> <span class='ocrx_word' id='word_1_31' title='bbox 469 1368 606 1433; x_wconf 89' lang='lat' dir='ltr'>nomine</span> <span class='ocrx_word' id='word_1_32' title='bbox 632 1369 836 1433; x_wconf 90' lang='lat' dir='ltr'>saluatoris!</span> <span class='ocrx_word' id='word_1_33' title='bbox 905 1369 981 1450; x_wconf 90' lang='lat' dir='ltr'>Ego</span> <span class='ocrx_word' id='word_1_34' title='bbox 1004 1368 1192 1432; x_wconf 88' lang='lat' dir='ltr'>Suabertus</span> <span class='ocrx_word' id='word_1_35' title='bbox 1214 1387 1277 1431; x_wconf 81' lang='lat' dir='ltr'>rex</span> <span class='ocrx_word' id='word_1_36' title='bbox 1303 1365 1396 1431; x_wconf 87' lang='lat' dir='ltr'>Can-</span> 
     </span>
     <span class='ocr_line' id='line_1_8' title="bbox 344 1468 1398 1551; baseline -0.004 -17"><span class='ocrx_word' id='word_1_37' title='bbox 344 1470 533 1534; x_wconf 87' lang='lat' dir='ltr'>tuariorum</span> <span class='ocrx_word' id='word_1_38' title='bbox 552 1470 810 1533; x_wconf 86' lang='lat' dir='ltr'>miserationum</span> <span class='ocrx_word' id='word_1_39' title='bbox 829 1468 958 1533; x_wconf 90' lang='lat' dir='ltr'>domini</span> <span class='ocrx_word' id='word_1_40' title='bbox 979 1489 1110 1533; x_wconf 88' lang='lat' dir='ltr'>memor</span> <span class='ocrx_word' id='word_1_41' title='bbox 1128 1488 1215 1551; x_wconf 87' lang='lat' dir='ltr'>quas</span> <span class='ocrx_word' id='word_1_42' title='bbox 1237 1488 1321 1550; x_wconf 87' lang='lat' dir='ltr'>erga</span> <span class='ocrx_word' id='word_1_43' title='bbox 1342 1488 1398 1530; x_wconf 91' lang='lat' dir='ltr'>me</span> 
     </span>
     <span class='ocr_line' id='line_1_9' title="bbox 344 1569 1398 1652; baseline -0.002 -19"><span class='ocrx_word' id='word_1_44' title='bbox 344 1571 519 1650; x_wconf 86' lang='lat' dir='ltr'>exercuit;</span> <span class='ocrx_word' id='word_1_45' title='bbox 557 1569 633 1634; x_wconf 89' lang='lat' dir='ltr'>ideo</span> <span class='ocrx_word' id='word_1_46' title='bbox 661 1590 743 1652; x_wconf 89' lang='lat' dir='ltr'>ergo</span> <span class='ocrx_word' id='word_1_47' title='bbox 765 1578 896 1634; x_wconf 87' lang='lat' dir='ltr'>rectum</span> <span class='ocrx_word' id='word_1_48' title='bbox 920 1569 1082 1647; x_wconf 91' lang='lat' dir='ltr'>iudicaui,</span> <span class='ocrx_word' id='word_1_49' title='bbox 1104 1576 1143 1632; x_wconf 91' lang='lat' dir='ltr'>ut</span> <span class='ocrx_word' id='word_1_50' title='bbox 1167 1589 1229 1652; x_wconf 90' lang='lat' dir='ltr'>pro</span> <span class='ocrx_word' id='word_1_51' title='bbox 1255 1577 1398 1632; x_wconf 88' lang='lat' dir='ltr'>aeterna</span> 
     </span>
     <span class='ocr_line' id='line_1_10' title="bbox 345 1669 1398 1753; baseline -0.002 -19"><span class='ocrx_word' id='word_1_52' title='bbox 345 1671 457 1734; x_wconf 90' lang='lat' dir='ltr'>salute</span> <span class='ocrx_word' id='word_1_53' title='bbox 479 1670 613 1733; x_wconf 89' lang='lat' dir='ltr'>animae</span> <span class='ocrx_word' id='word_1_54' title='bbox 635 1689 733 1734; x_wconf 89' lang='lat' dir='ltr'>meac</span> <span class='ocrx_word' id='word_1_55' title='bbox 757 1678 861 1753; x_wconf 88' lang='lat' dir='ltr'>atque</span> <span class='ocrx_word' id='word_1_56' title='bbox 883 1690 1036 1734; x_wconf 90' lang='lat' dir='ltr'>meorum</span> <span class='ocrx_word' id='word_1_57' title='bbox 1058 1669 1187 1752; x_wconf 90' lang='lat' dir='ltr'>aliquid</span> <span class='ocrx_word' id='word_1_58' title='bbox 1211 1688 1398 1733; x_wconf 88' lang='lat' dir='ltr'>munuscu-</span> 
     </span>
     <span class='ocr_line' id='line_1_11' title="bbox 345 1770 1397 1853; baseline -0.001 -20"><span class='ocrx_word' id='word_1_59' title='bbox 345 1770 417 1834; x_wconf 91' lang='lat' dir='ltr'>lum</span> <span class='ocrx_word' id='word_1_60' title='bbox 432 1771 569 1834; x_wconf 94' lang='lat' dir='ltr'>domino</span> <span class='ocrx_word' id='word_1_61' title='bbox 583 1771 825 1853; x_wconf 86' lang='lat' dir='ltr'>impenderem,</span> <span class='ocrx_word' id='word_1_62' title='bbox 838 1770 873 1833; x_wconf 93' lang='lat' dir='ltr'>id</span> <span class='ocrx_word' id='word_1_63' title='bbox 888 1776 953 1848; x_wconf 88' lang='lat' dir='ltr'>est,</span> <span class='ocrx_word' id='word_1_64' title='bbox 968 1778 1094 1834; x_wconf 89' lang='lat' dir='ltr'>terram</span> <span class='ocrx_word' id='word_1_65' title='bbox 1108 1770 1279 1852; x_wconf 90' lang='lat' dir='ltr'>quaesita</span> <span class='ocrx_word' id='word_1_66' title='bbox 1293 1777 1346 1833; x_wconf 88' lang='lat' dir='ltr'>est</span> <span class='ocrx_word' id='word_1_67' title='bbox 1359 1770 1397 1832; x_wconf 91' lang='lat' dir='ltr'>in</span> 
     </span>
     <span class='ocr_line' id='line_1_12' title="bbox 346 1869 1399 1953; baseline 0 -20"><span class='ocrx_word' id='word_1_68' title='bbox 346 1869 484 1953; x_wconf 89' lang='lat' dir='ltr'>Sturige</span> <span class='ocrx_word' id='word_1_69' title='bbox 499 1870 643 1934; x_wconf 90' lang='lat' dir='ltr'>duorum</span> <span class='ocrx_word' id='word_1_70' title='bbox 667 1878 872 1948; x_wconf 86' lang='lat' dir='ltr'>aratrorum,</span> <span class='ocrx_word' id='word_1_71' title='bbox 892 1877 996 1953; x_wconf 88' lang='lat' dir='ltr'>atque</span> <span class='ocrx_word' id='word_1_72' title='bbox 1017 1871 1121 1934; x_wconf 90' lang='lat' dir='ltr'>trium</span> <span class='ocrx_word' id='word_1_73' title='bbox 1143 1879 1336 1934; x_wconf 84' lang='lat' dir='ltr'>aratrorum</span> <span class='ocrx_word' id='word_1_74' title='bbox 1360 1871 1399 1933; x_wconf 91' lang='lat' dir='ltr'>in</span> 
     </span>
     <span class='ocr_line' id='line_1_13' title="bbox 343 1970 1400 2055; baseline 0.001 -22"><span class='ocrx_word' id='word_1_75' title='bbox 343 1970 420 2035; x_wconf 92' lang='lat' dir='ltr'>loco</span> <span class='ocrx_word' id='word_1_76' title='bbox 429 1972 489 2055; x_wconf 91' lang='lat' dir='ltr'>qui</span> <span class='ocrx_word' id='word_1_77' title='bbox 496 1971 622 2035; x_wconf 87' lang='lat' dir='ltr'>dicitur</span> <span class='ocrx_word' id='word_1_78' title='bbox 633 1971 854 2049; x_wconf 91' lang='lat' dir='ltr'>Botdesham,</span> <span class='ocrx_word' id='word_1_79' title='bbox 870 1971 1104 2037; x_wconf 87' lang='lat' dir='ltr'>monasteriali</span> <span class='ocrx_word' id='word_1_80' title='bbox 1118 1971 1283 2053; x_wconf 87' lang='lat' dir='ltr'>potestati</span> <span class='ocrx_word' id='word_1_81' title='bbox 1293 1978 1400 2052; x_wconf 84' lang='lat' dir='ltr'>atque</span> 
     </span>
     <span class='ocr_line' id='line_1_14' title="bbox 345 2070 1397 2153; baseline 0 -19"><span class='ocrx_word' id='word_1_82' title='bbox 345 2071 548 2153; x_wconf 81' lang='lat' dir='ltr'>regulariter</span> <span class='ocrx_word' id='word_1_83' title='bbox 562 2072 757 2136; x_wconf 88' lang='lat' dir='ltr'>uiuentibus</span> <span class='ocrx_word' id='word_1_84' title='bbox 771 2072 971 2137; x_wconf 87' lang='lat' dir='ltr'>subicerem.</span> <span class='ocrx_word' id='word_1_85' title='bbox 1025 2070 1127 2150; x_wconf 85' lang='lat' dir='ltr'>Quod</span> <span class='ocrx_word' id='word_1_86' title='bbox 1142 2070 1308 2136; x_wconf 87' lang='lat' dir='ltr'>hodierna</span> <span class='ocrx_word' id='word_1_87' title='bbox 1329 2070 1397 2148; x_wconf 88' lang='lat' dir='ltr'>die,</span> 
     </span>
     <span class='ocr_line' id='line_1_15' title="bbox 345 2170 1400 2256; baseline -0.001 -21"><span class='ocrx_word' id='word_1_88' title='bbox 345 2170 483 2237; x_wconf 91' lang='lat' dir='ltr'>domino</span> <span class='ocrx_word' id='word_1_89' title='bbox 513 2173 716 2249; x_wconf 86' lang='lat' dir='ltr'>auxiliante,</span> <span class='ocrx_word' id='word_1_90' title='bbox 744 2172 926 2256; x_wconf 88' lang='lat' dir='ltr'>compleui,</span> <span class='ocrx_word' id='word_1_91' title='bbox 956 2172 1101 2254; x_wconf 90' lang='lat' dir='ltr'>dedique</span> <span class='ocrx_word' id='word_1_92' title='bbox 1127 2172 1315 2235; x_wconf 87' lang='lat' dir='ltr'>uenerabili</span> <span class='ocrx_word' id='word_1_93' title='bbox 1337 2173 1400 2234; x_wconf 91' lang='lat' dir='ltr'>ah-</span> 
     </span>
     <span class='ocr_line' id='line_1_16' title="bbox 346 2271 1396 2356; baseline -0.002 -20"><span class='ocrx_word' id='word_1_94' title='bbox 346 2274 498 2337; x_wconf 88' lang='lat' dir='ltr'>batissae</span> <span class='ocrx_word' id='word_1_95' title='bbox 512 2271 666 2350; x_wconf 81' lang='lat' dir='ltr'>Aebbae,</span> <span class='ocrx_word' id='word_1_96' title='bbox 685 2279 726 2336; x_wconf 86' lang='lat' dir='ltr'>ut</span> <span class='ocrx_word' id='word_1_97' title='bbox 746 2273 794 2337; x_wconf 90' lang='lat' dir='ltr'>ibi</span> <span class='ocrx_word' id='word_1_98' title='bbox 816 2274 1042 2338; x_wconf 82' lang='lat' dir='ltr'>senriencium</span> <span class='ocrx_word' id='word_1_99' title='bbox 1057 2273 1122 2337; x_wconf 90' lang='lat' dir='ltr'>deo</span> <span class='ocrx_word' id='word_1_100' title='bbox 1138 2291 1257 2356; x_wconf 84' lang='lat' dir='ltr'>preces</span> <span class='ocrx_word' id='word_1_101' title='bbox 1279 2280 1396 2355; x_wconf 89' lang='lat' dir='ltr'>prote-</span> 
     </span>
     <span class='ocr_line' id='line_1_17' title="bbox 347 2371 1399 2457; baseline -0.001 -21"><span class='ocrx_word' id='word_1_102' title='bbox 347 2373 462 2438; x_wconf 91' lang='lat' dir='ltr'>lentur</span> <span class='ocrx_word' id='word_1_103' title='bbox 486 2380 591 2456; x_wconf 83' lang='lat' dir='ltr'>atque</span> <span class='ocrx_word' id='word_1_104' title='bbox 613 2393 676 2457; x_wconf 89' lang='lat' dir='ltr'>pro</span> <span class='ocrx_word' id='word_1_105' title='bbox 702 2373 777 2437; x_wconf 88' lang='lat' dir='ltr'>uita</span> <span class='ocrx_word' id='word_1_106' title='bbox 797 2393 875 2438; x_wconf 88' lang='lat' dir='ltr'>mea</span> <span class='ocrx_word' id='word_1_107' title='bbox 896 2375 970 2438; x_wconf 90' lang='lat' dir='ltr'>siue</span> <span class='ocrx_word' id='word_1_108' title='bbox 992 2371 1128 2438; x_wconf 87' lang='lat' dir='ltr'>defectu</span> <span class='ocrx_word' id='word_1_109' title='bbox 1153 2373 1189 2436; x_wconf 92' lang='lat' dir='ltr'>in</span> <span class='ocrx_word' id='word_1_110' title='bbox 1211 2379 1399 2456; x_wconf 89' lang='lat' dir='ltr'>conspectu</span> 
     </span>
     <span class='ocr_line' id='line_1_18' title="bbox 348 2473 1400 2539; baseline -0.002 -1"><span class='ocrx_word' id='word_1_111' title='bbox 348 2473 403 2538; x_wconf 90' lang='lat' dir='ltr'>dei</span> <span class='ocrx_word' id='word_1_112' title='bbox 416 2473 644 2539; x_wconf 88' lang='lat' dir='ltr'>effundantur.</span> <span class='ocrx_word' id='word_1_113' title='bbox 673 2473 720 2538; x_wconf 88' lang='lat' dir='ltr'>Et</span> <span class='ocrx_word' id='word_1_114' title='bbox 728 2473 771 2538; x_wconf 86' lang='lat' dir='ltr'>ad</span> <span class='ocrx_word' id='word_1_115' title='bbox 781 2475 1075 2539; x_wconf 88' lang='lat' dir='ltr'>confirmationem</span> <span class='ocrx_word' id='word_1_116' title='bbox 1088 2473 1283 2538; x_wconf 89' lang='lat' dir='ltr'>donationis</span> <span class='ocrx_word' id='word_1_117' title='bbox 1298 2473 1400 2536; x_wconf 86' lang='lat' dir='ltr'>istius</span> 
     </span>
     <span class='ocr_line' id='line_1_19' title="bbox 349 2575 1401 2658; baseline 0 -20"><span class='ocrx_word' id='word_1_118' title='bbox 349 2575 486 2656; x_wconf 91' lang='lat' dir='ltr'>signum</span> <span class='ocrx_word' id='word_1_119' title='bbox 515 2582 656 2639; x_wconf 89' lang='lat' dir='ltr'>sanctae</span> <span class='ocrx_word' id='word_1_120' title='bbox 682 2575 792 2638; x_wconf 91' lang='lat' dir='ltr'>crucis</span> <span class='ocrx_word' id='word_1_121' title='bbox 821 2576 988 2658; x_wconf 84' lang='lat' dir='ltr'>expressi,</span> <span class='ocrx_word' id='word_1_122' title='bbox 1011 2593 1144 2638; x_wconf 89' lang='lat' dir='ltr'>necnon</span> <span class='ocrx_word' id='word_1_123' title='bbox 1166 2581 1201 2637; x_wconf 89' lang='lat' dir='ltr'>et</span> <span class='ocrx_word' id='word_1_124' title='bbox 1227 2575 1401 2656; x_wconf 88' lang='lat' dir='ltr'>principes</span> 
     </span>
     <span class='ocr_line' id='line_1_20' title="bbox 275 2673 1400 2758; baseline -0.001 -19"><span class='ocrx_word' id='word_1_125' title='bbox 275 2749 278 2756; x_wconf 42' lang='grc'>,</span> <span class='ocrx_word' id='word_1_126' title='bbox 348 2695 442 2739; x_wconf 89' lang='lat' dir='ltr'>meos</span> <span class='ocrx_word' id='word_1_127' title='bbox 466 2682 506 2739; x_wconf 92' lang='lat' dir='ltr'>ut</span> <span class='ocrx_word' id='word_1_128' title='bbox 528 2676 684 2738; x_wconf 90' lang='lat' dir='ltr'>similiter</span> <span class='ocrx_word' id='word_1_129' title='bbox 698 2674 850 2739; x_wconf 85' lang='lat' dir='ltr'>facerent</span> <span class='ocrx_word' id='word_1_130' title='bbox 864 2676 999 2758; x_wconf 86' lang='lat' dir='ltr'>rogaui,</span> <span class='ocrx_word' id='word_1_131' title='bbox 1018 2675 1135 2758; x_wconf 91' lang='lat' dir='ltr'>sicque</span> <span class='ocrx_word' id='word_1_132' title='bbox 1157 2673 1333 2754; x_wconf 82' lang='lat' dir='ltr'>lecerunt3</span> <span class='ocrx_word' id='word_1_133' title='bbox 1358 2682 1400 2738; x_wconf 91' lang='lat' dir='ltr'>ut</span> 
     </span>
     <span class='ocr_line' id='line_1_21' title="bbox 349 2774 1401 2858; baseline 0 -21"><span class='ocrx_word' id='word_1_134' title='bbox 349 2775 379 2837; x_wconf 93' lang='lat' dir='ltr'>si</span> <span class='ocrx_word' id='word_1_135' title='bbox 393 2774 518 2857; x_wconf 91' lang='lat' dir='ltr'>aliquis</span> <span class='ocrx_word' id='word_1_136' title='bbox 532 2795 619 2839; x_wconf 89' lang='lat' dir='ltr'>ausu</span> <span class='ocrx_word' id='word_1_137' title='bbox 632 2775 783 2840; x_wconf 85' lang='lat' dir='ltr'>nefariae</span> <span class='ocrx_word' id='word_1_138' title='bbox 797 2776 999 2840; x_wconf 86' lang='lat' dir='ltr'>temeritatis</span> <span class='ocrx_word' id='word_1_139' title='bbox 1010 2775 1138 2858; x_wconf 89' lang='lat' dir='ltr'>aliquid</span> <span class='ocrx_word' id='word_1_140' title='bbox 1150 2796 1195 2839; x_wconf 87' lang='lat' dir='ltr'>ex</span> <span class='ocrx_word' id='word_1_141' title='bbox 1210 2795 1251 2839; x_wconf 90' lang='lat' dir='ltr'>ea</span> <span class='ocrx_word' id='word_1_142' title='bbox 1265 2774 1401 2838; x_wconf 84' lang='lat' dir='ltr'>auferre</span> 
     </span>
     <span class='ocr_line' id='line_1_22' title="bbox 348 2874 1399 2954; baseline 0.001 -17"><span class='ocrx_word' id='word_1_143' title='bbox 348 2874 406 2938; x_wconf 90' lang='lat' dir='ltr'>uel</span> <span class='ocrx_word' id='word_1_144' title='bbox 427 2875 579 2940; x_wconf 90' lang='lat' dir='ltr'>minuere</span> <span class='ocrx_word' id='word_1_145' title='bbox 603 2876 763 2954; x_wconf 91' lang='lat' dir='ltr'>uoluerit,</span> <span class='ocrx_word' id='word_1_146' title='bbox 789 2877 926 2942; x_wconf 90' lang='lat' dir='ltr'>nouerit</span> <span class='ocrx_word' id='word_1_147' title='bbox 951 2895 989 2940; x_wconf 89' lang='lat' dir='ltr'>se</span> <span class='ocrx_word' id='word_1_148' title='bbox 1015 2876 1203 2940; x_wconf 89' lang='lat' dir='ltr'>alienatum</span> <span class='ocrx_word' id='word_1_149' title='bbox 1228 2895 1250 2940; x_wconf 98' lang='lat' dir='ltr'>a</span> <span class='ocrx_word' id='word_1_150' title='bbox 1275 2876 1339 2940; x_wconf 89' lang='lat' dir='ltr'>deo</span> <span class='ocrx_word' id='word_1_151' title='bbox 1360 2875 1399 2939; x_wconf 93' lang='lat' dir='ltr'>in</span> 
     </span>
     <span class='ocr_line' id='line_1_23' title="bbox 350 2967 792 3042; baseline 0.009 -4"><span class='ocrx_word' id='word_1_152' title='bbox 350 2976 598 3040; x_wconf 87' lang='lat' dir='ltr'>resurrectione</span> <span class='ocrx_word' id='word_1_153' title='bbox 610 2967 792 3042; x_wconf 86' lang='lat' dir='ltr'>iustorum.</span> 
     </span>
    </p>

    <p class='ocr_par' dir='ltr' id='par_1_5' title="bbox 355 3075 1400 3259">
     <span class='ocr_line' id='line_1_24' title="bbox 403 3075 1400 3161; baseline 0 -22"><span class='ocrx_word' id='word_1_154' title='bbox 403 3076 443 3155; x_wconf 72' lang='lat'>›1‹</span> <span class='ocrx_word' id='word_1_155' title='bbox 470 3075 614 3158; x_wconf 86' lang='lat' dir='ltr'>Signum</span> <span class='ocrx_word' id='word_1_156' title='bbox 629 3076 789 3142; x_wconf 89' lang='lat' dir='ltr'>Suaberti</span> <span class='ocrx_word' id='word_1_157' title='bbox 802 3078 906 3161; x_wconf 85' lang='lat' dir='ltr'>regis.</span> <span class='ocrx_word' id='word_1_158' title='bbox 962 3079 1001 3159; x_wconf 76' lang='lat'>›1‹</span> <span class='ocrx_word' id='word_1_159' title='bbox 1026 3077 1170 3161; x_wconf 81' lang='lat' dir='ltr'>Signum</span> <span class='ocrx_word' id='word_1_160' title='bbox 1187 3075 1400 3142; x_wconf 89' lang='lat' dir='ltr'>Gumbercti.</span> 
     </span>
     <span class='ocr_line' id='line_1_25' title="bbox 355 3175 691 3259; baseline 0.012 -21"><span class='ocrx_word' id='word_1_161' title='bbox 355 3176 395 3257; x_wconf 74' lang='lat'>›1‹</span> <span class='ocrx_word' id='word_1_162' title='bbox 422 3175 567 3259; x_wconf 91' lang='lat' dir='ltr'>Signum</span> <span class='ocrx_word' id='word_1_163' title='bbox 581 3177 691 3242; x_wconf 89' lang='lat' dir='ltr'>AEcci.</span> 
     </span>
    </p>
   </div>
   <div class='ocr_carea' id='block_1_5' title="bbox 502 3402 1249 3638">
    <p class='ocr_par' dir='ltr' id='par_1_6' title="bbox 502 3402 1249 3638">
     <span class='ocr_line' id='line_1_26' title="bbox 820 3402 932 3468; baseline -0.018 0"><span class='ocrx_word' id='word_1_164' title='bbox 820 3402 932 3468; x_wconf 82' lang='lat' dir='ltr'>xvi.</span> 
     </span>
     <span class='ocr_line' id='line_1_27' title="bbox 502 3523 1249 3638; baseline 0.004 -22"><span class='ocrx_word' id='word_1_165' title='bbox 502 3523 772 3618; x_wconf 77' lang='lat' dir='ltr'>unoaflanr</span> <span class='ocrx_word' id='word_1_166' title='bbox 797 3552 862 3617; x_wconf 83' lang='lat' dir='ltr'>or</span> <span class='ocrx_word' id='word_1_167' title='bbox 886 3551 1037 3630; x_wconf 72' lang='lat' dir='ltr'>Kana,</span> <span class='ocrx_word' id='word_1_168' title='bbox 1061 3553 1160 3638; x_wconf 83' lang='lat' dir='ltr'>May,</span> <span class='ocrx_word' id='word_1_169' title='bbox 1173 3552 1249 3619; x_wconf 80' lang='lat' dir='ltr'>ero.</span> 
     </span>
    </p>
   </div>
   <div class='ocr_carea' id='block_1_6' title="bbox 351 3710 1405 3896">
    <p class='ocr_par' dir='ltr' id='par_1_7' title="bbox 351 3710 1405 3896">
     <span class='ocr_line' id='line_1_28' title="bbox 406 3710 1405 3799; baseline -0.001 -23"><span class='ocrx_word' id='word_1_170' title='bbox 406 3712 446 3794; x_wconf 75' lang='lat'>›1‹</span> <span class='ocrx_word' id='word_1_171' title='bbox 475 3711 519 3776; x_wconf 79' lang='lat' dir='ltr'>IN</span> <span class='ocrx_word' id='word_1_172' title='bbox 535 3713 556 3774; x_wconf 81' lang='lat' dir='ltr'>ir</span> <span class='ocrx_word' id='word_1_173' title='bbox 573 3711 595 3776; x_wconf 81' lang='lat' dir='ltr'>d</span> <span class='ocrx_word' id='word_1_174' title='bbox 615 3713 724 3777; x_wconf 89' lang='lat' dir='ltr'>nostri</span> <span class='ocrx_word' id='word_1_175' title='bbox 739 3713 923 3777; x_wconf 90' lang='lat' dir='ltr'>saluatoris</span> <span class='ocrx_word' id='word_1_176' title='bbox 940 3710 1000 3776; x_wconf 83' lang='lat' dir='ltr'>ihu</span> <span class='ocrx_word' id='word_1_177' title='bbox 1022 3710 1101 3799; x_wconf 72' lang='lat' dir='ltr'>xpi.</span> <span class='ocrx_word' id='word_1_178' title='bbox 1125 3733 1190 3795; x_wconf 92' lang='lat' dir='ltr'>ego</span> <span class='ocrx_word' id='word_1_179' title='bbox 1212 3711 1405 3777; x_wconf 82' lang='lat' dir='ltr'>hlotharius</span> 
     </span>
     <span class='ocr_line' id='line_1_29' title="bbox 351 3813 1405 3896; baseline -0.002 -18"><span class='ocrx_word' id='word_1_180' title='bbox 351 3833 415 3878; x_wconf 87' lang='lat' dir='ltr'>rex</span> <span class='ocrx_word' id='word_1_181' title='bbox 438 3813 695 3877; x_wconf 90' lang='lat' dir='ltr'>cantuariorum</span> <span class='ocrx_word' id='word_1_182' title='bbox 726 3834 789 3896; x_wconf 88' lang='lat' dir='ltr'>pro</span> <span class='ocrx_word' id='word_1_183' title='bbox 813 3813 999 3878; x_wconf 90' lang='lat' dir='ltr'>remedium</span> <span class='ocrx_word' id='word_1_184' title='bbox 1029 3815 1164 3878; x_wconf 89' lang='lat' dir='ltr'>animae</span> <span class='ocrx_word' id='word_1_185' title='bbox 1189 3833 1285 3878; x_wconf 89' lang='lat' dir='ltr'>meae</span> <span class='ocrx_word' id='word_1_186' title='bbox 1313 3813 1405 3878; x_wconf 90' lang='lat' dir='ltr'>dono</span> 
     </span>
    </p>
   </div>
   <div class='ocr_carea' id='block_1_7' title="bbox 351 3969 1406 4320">
    <p class='ocr_par' dir='ltr' id='par_1_8' title="bbox 351 3969 1406 4320">
     <span class='ocr_line' id='line_1_30' title="bbox 386 3969 1405 4035; baseline 0 -15"><span class='ocrx_word' id='word_1_187' title='bbox 386 3969 469 4020; x_wconf 81' lang='lat' dir='ltr'>¹lhis</span> <span class='ocrx_word' id='word_1_188' title='bbox 480 3971 588 4034; x_wconf 85' lang='lat' dir='ltr'>charter,</span> <span class='ocrx_word' id='word_1_189' title='bbox 600 3972 623 4021; x_wconf 82' lang='lat' dir='ltr'>if</span> <span class='ocrx_word' id='word_1_190' title='bbox 630 3977 674 4024; x_wconf 90' lang='lat' dir='ltr'>not</span> <span class='ocrx_word' id='word_1_191' title='bbox 689 3973 834 4034; x_wconf 84' lang='lat' dir='ltr'>absolutely</span> <span class='ocrx_word' id='word_1_192' title='bbox 848 3988 864 4023; x_wconf 84' lang='lat' dir='ltr'>a</span> <span class='ocrx_word' id='word_1_193' title='bbox 890 3974 932 4022; x_wconf 87' lang='lat' dir='ltr'>nal</span> <span class='ocrx_word' id='word_1_194' title='bbox 948 3972 969 4020; x_wconf 92' lang='lat' dir='ltr'>it</span> <span class='ocrx_word' id='word_1_195' title='bbox 985 3987 1041 4022; x_wconf 88' lang='lat' dir='ltr'>was</span> <span class='ocrx_word' id='word_1_196' title='bbox 1064 3987 1122 4024; x_wconf 82' lang='lat' dir='ltr'>vrri.</span> <span class='ocrx_word' id='word_1_197' title='bbox 1140 3974 1183 4023; x_wconf 90' lang='lat' dir='ltr'>die</span> <span class='ocrx_word' id='word_1_198' title='bbox 1205 3973 1299 4022; x_wconf 87' lang='lat' dir='ltr'>mensis</span> <span class='ocrx_word' id='word_1_199' title='bbox 1320 3972 1405 4035; x_wconf 80' lang='lat' dir='ltr'>Jaaii,</span> 
     </span>
     <span class='ocr_line' id='line_1_31' title="bbox 351 4041 1404 4105; baseline 0.004 -16"><span class='ocrx_word' id='word_1_200' title='bbox 351 4041 461 4104; x_wconf 82' lang='lat' dir='ltr'>lorgery,</span> <span class='ocrx_word' id='word_1_201' title='bbox 474 4043 595 4092; x_wconf 81' lang='lat' dir='ltr'>hasbeen</span> <span class='ocrx_word' id='word_1_202' title='bbox 611 4045 787 4104; x_wconf 88' lang='lat' dir='ltr'>interpolated.</span> <span class='ocrx_word' id='word_1_203' title='bbox 825 4047 863 4092; x_wconf 84' lang='lat' dir='ltr'>As</span> <span class='ocrx_word' id='word_1_204' title='bbox 889 4043 974 4093; x_wconf 89' lang='lat' dir='ltr'>which</span> <span class='ocrx_word' id='word_1_205' title='bbox 992 4043 1044 4105; x_wconf 84' lang='lat' dir='ltr'>day</span> <span class='ocrx_word' id='word_1_206' title='bbox 1058 4043 1102 4093; x_wconf 81' lang='lat' dir='ltr'>teil</span> <span class='ocrx_word' id='word_1_207' title='bbox 1118 4044 1303 4104; x_wconf 86' lang='lat' dir='ltr'>onaSunday.</span> <span class='ocrx_word' id='word_1_208' title='bbox 1339 4043 1404 4093; x_wconf 82' lang='lat' dir='ltr'>Itis</span> 
     </span>
     <span class='ocr_line' id='line_1_32' title="bbox 351 4111 1406 4176; baseline 0.005 -17"><span class='ocrx_word' id='word_1_209' title='bbox 351 4111 371 4160; x_wconf 91' lang='lat' dir='ltr'>it</span> <span class='ocrx_word' id='word_1_210' title='bbox 387 4112 483 4173; x_wconf 82' lang='lat' dir='ltr'>stands,</span> <span class='ocrx_word' id='word_1_211' title='bbox 498 4114 519 4161; x_wconf 90' lang='lat' dir='ltr'>it</span> <span class='ocrx_word' id='word_1_212' title='bbox 537 4128 646 4175; x_wconf 87' lang='lat' dir='ltr'>appears</span> <span class='ocrx_word' id='word_1_213' title='bbox 668 4113 723 4163; x_wconf 91' lang='lat' dir='ltr'>that</span> <span class='ocrx_word' id='word_1_214' title='bbox 744 4113 864 4164; x_wconf 75' lang='lat' dir='ltr'>AEoelred</span> <span class='ocrx_word' id='word_1_215' title='bbox 889 4119 932 4164; x_wconf 91' lang='lat' dir='ltr'>not</span> <span class='ocrx_word' id='word_1_216' title='bbox 950 4119 976 4163; x_wconf 92' lang='lat' dir='ltr'>to</span> <span class='ocrx_word' id='word_1_217' title='bbox 993 4115 1024 4164; x_wconf 92' lang='lat' dir='ltr'>be</span> <span class='ocrx_word' id='word_1_218' title='bbox 1041 4115 1135 4176; x_wconf 85' lang='lat' dir='ltr'>passed</span> <span class='ocrx_word' id='word_1_219' title='bbox 1146 4131 1206 4165; x_wconf 88' lang='lat' dir='ltr'>over</span> <span class='ocrx_word' id='word_1_220' title='bbox 1217 4115 1272 4164; x_wconf 90' lang='lat' dir='ltr'>that</span> <span class='ocrx_word' id='word_1_221' title='bbox 1284 4115 1406 4164; x_wconf 78' lang='lat' dir='ltr'>AEoelred</span> 
     </span>
     <span class='ocr_line' id='line_1_33' title="bbox 353 4182 1406 4248; baseline 0.005 -19"><span class='ocrx_word' id='word_1_222' title='bbox 353 4182 486 4230; x_wconf 86' lang='lat' dir='ltr'>confirmed</span> <span class='ocrx_word' id='word_1_223' title='bbox 501 4183 522 4230; x_wconf 92' lang='lat' dir='ltr'>it</span> <span class='ocrx_word' id='word_1_224' title='bbox 537 4183 621 4232; x_wconf 83' lang='lat' dir='ltr'>before</span> <span class='ocrx_word' id='word_1_225' title='bbox 638 4185 658 4232; x_wconf 92' lang='lat' dir='ltr'>it</span> <span class='ocrx_word' id='word_1_226' title='bbox 668 4199 723 4234; x_wconf 86' lang='lat' dir='ltr'>was</span> <span class='ocrx_word' id='word_1_227' title='bbox 741 4185 863 4247; x_wconf 82' lang='lat' dir='ltr'>granted;</span> <span class='ocrx_word' id='word_1_228' title='bbox 888 4200 943 4235; x_wconf 89' lang='lat' dir='ltr'>was</span> <span class='ocrx_word' id='word_1_229' title='bbox 968 4185 1072 4248; x_wconf 80' lang='lat' dir='ltr'>making</span> <span class='ocrx_word' id='word_1_230' title='bbox 1090 4200 1145 4236; x_wconf 85' lang='lat' dir='ltr'>war</span> <span class='ocrx_word' id='word_1_231' title='bbox 1168 4186 1194 4234; x_wconf 89' lang='lat' dir='ltr'>in</span> <span class='ocrx_word' id='word_1_232' title='bbox 1213 4187 1282 4236; x_wconf 88' lang='lat' dir='ltr'>Kent</span> <span class='ocrx_word' id='word_1_233' title='bbox 1305 4185 1331 4233; x_wconf 91' lang='lat' dir='ltr'>in</span> <span class='ocrx_word' id='word_1_234' title='bbox 1353 4184 1406 4234; x_wconf 86' lang='lat' dir='ltr'>this</span> 
     </span>
     <span class='ocr_line' id='line_1_34' title="bbox 352 4252 957 4320; baseline 0.015 -21"><span class='ocrx_word' id='word_1_235' title='bbox 352 4252 398 4300; x_wconf 90' lang='lat' dir='ltr'>but</span> <span class='ocrx_word' id='word_1_236' title='bbox 414 4252 434 4300; x_wconf 90' lang='lat' dir='ltr'>it</span> <span class='ocrx_word' id='word_1_237' title='bbox 450 4253 472 4302; x_wconf 84' lang='lat' dir='ltr'>is</span> <span class='ocrx_word' id='word_1_238' title='bbox 489 4254 609 4315; x_wconf 89' lang='lat' dir='ltr'>probable</span> <span class='ocrx_word' id='word_1_239' title='bbox 620 4254 674 4305; x_wconf 88' lang='lat' dir='ltr'>that</span> <span class='ocrx_word' id='word_1_240' title='bbox 690 4255 716 4305; x_wconf 91' lang='lat' dir='ltr'>in</span> <span class='ocrx_word' id='word_1_241' title='bbox 733 4254 775 4306; x_wconf 92' lang='lat' dir='ltr'>the</span> <span class='ocrx_word' id='word_1_242' title='bbox 786 4257 863 4320; x_wconf 81' lang='lat' dir='ltr'>origi·</span> <span class='ocrx_word' id='word_1_243' title='bbox 888 4272 957 4318; x_wconf 86' lang='lat' dir='ltr'>year.</span> 
     </span>
    </p>
   </div>
   <div class='ocr_carea' id='block_1_8' title="bbox 0 0 1607 5030">
    <p class='ocr_par' dir='ltr' id='par_1_9' title="bbox 0 0 1607 5030">
     <span class='ocr_line' id='line_1_35' title="bbox 0 0 1607 5030; baseline 0 0"><span class='ocrx_word' id='word_1_244' title='bbox 0 0 1607 5030; x_wconf 95' lang='lat' dir='ltr'> </span> 
     </span>
    </p>
   </div>
  </div>
 </body>
</html>
