3188 5032
300 381 366 449 108
558 395 732 446 curam
755 395 1096 444 arcnosrxomcan.

299 555 439 622 caducis
470 555 655 620 mercanda
687 573 763 620 esse
801 563 943 621 aeterna
966 553 1125 639 polorum
1148 573 1268 638 regna,
1296 573 1353 618 ro-

301 665 405 740 gatus
435 675 457 720 a
486 656 675 721 uenerabili
699 655 873 724 Uuilfrido
902 657 1077 740 episcopo,
1092 663 1220 720 terram
1247 655 1352 718 trium

300 764 516 822 cassatorum
546 757 635 821 ruris
660 756 822 835 siluatici,
846 757 882 821 in
904 756 981 821 loco
1004 756 1064 839 qui
1085 763 1226 820 uetusto
1247 774 1352 819 uoca-

300 857 383 922 bulo
421 863 641 940 nuncupatur
674 856 919 935 Uuduceastir,
949 855 994 920 ed
1029 857 1231 920 aecclesiam
1259 855 1354 918 beati

301 957 399 1022 Petri
423 958 658 1040 apostolorum
680 956 846 1040 principis
868 957 905 1020 in
930 955 1114 1037 Uuigorna
1137 956 1291 1036 ciuitate,
1316 955 1353 1018 in

298 1057 354 1122 ius
373 1056 550 1141 proprium
569 1057 794 1123 libentissime
812 1057 1002 1121 concedens
1024 1055 1268 1141 possidendum
1289 1055 1352 1119 do·

301 1158 405 1222 nabo.
458 1156 527 1221 His
541 1158 744 1221 terminibus
757 1156 938 1236 institutis,
954 1163 1020 1222 etc.

355 1258 397 1339 »1⁴
411 1257 488 1339 Ego
509 1253 729 1336 aethelbald,
741 1277 804 1322 rex
820 1257 1042 1337 Merciorum,
1058 1254 1196 1338 signum
1211 1260 1353 1320 sanctae

299 1358 411 1422 crucis
427 1343 557 1422 Christi
570 1357 730 1440 imposui.
788 1360 827 1439 ›1‹
848 1356 925 1440 Ego
940 1355 1135 1422 Uuilfridus
1158 1355 1351 1438 episcopus.

305 1460 345 1539 ›1‹
362 1457 439 1539 Ego
454 1456 630 1522 Uuillerth
651 1456 858 1540 praefectus.
915 1460 954 1539 ›1‹
976 1457 1052 1540 Ego
1069 1454 1265 1520 Cuthredus
1290 1456 1352 1519 ab·

298 1558 373 1621 bas.
431 1559 470 1638 ›1‹
492 1557 569 1640 Ego
599 1557 793 1642 sigeberht.
851 1558 890 1640 ›1‹
912 1557 988 1640 Ego
1019 1556 1103 1622 Iebe
1132 1557 1250 1620 abbas.
1306 1554 1346 1636 ›1‹

284 1656 378 1738 'Ego
408 1655 498 1720 Oba.
529 1647 532 1655 '
566 1658 703 1740 ›14Ego
730 1650 1007 1722 Aetheluualdus
1039 1657 1157 1746 abbas.
1214 1655 1254 1737 ›1‹
1276 1655 1353 1738 Ego

299 1753 535 1822 Heardberht.
592 1756 631 1838 ›1‹
653 1758 729 1840 Ego
744 1756 965 1823 Aethelricus
979 1758 1172 1842 presbyter.

730 2116 733 2123 .
781 2052 866 2119 xc.

550 2166 894 2300 unumunurn,
910 2200 1102 2270 716-743.

296 2399 297 2404 η
355 2348 478 2434 &Sir
495 2370 621 2434 nomen
641 2351 770 2416 domini
791 2351 1007 2415 benedictum
1026 2351 1062 2414 in
1084 2350 1222 2415 secula!
1276 2349 1355 2432 Ego

300 2448 562 2530 Aethelbaldus,
585 2451 650 2516 deo
676 2452 899 2534 dispensante
925 2471 987 2514 rex
1014 2450 1260 2528 Mercensium,
1284 2457 1354 2515 ter-

299 2570 374 2614 ram
400 2572 463 2616 xx.
486 2558 713 2630 cassatorum,
735 2552 770 2615 id
794 2559 848 2616 est
868 2568 907 2615 x.
932 2558 968 2614 et
988 2566 1067 2615 vllr.
1089 2551 1126 2614 in
1149 2551 1225 2615 loco
1250 2570 1352 2634 quem

296 2650 419 2715 dicunt
441 2658 499 2716 aet
519 2647 674 2716 Ea'stune
697 2660 732 2716 et
754 2652 798 2715 ad
815 2650 1074 2734 Natangrafum
1096 2651 1253 2714 ministro
1275 2670 1352 2714 meo

297 2750 401 2814 ualde
430 2750 534 2829 fideli,
564 2750 624 2834 qui
653 2758 707 2816 est
728 2752 771 2815 de
793 2752 901 2834 stirpe
925 2772 994 2817 non
1022 2743 1168 2833 ignobili
1189 2751 1353 2833 prosapia

298 2851 409 2932 regali
443 2852 557 2934 gentis
592 2852 814 2929 huicciorum,
849 2851 994 2930 Osredo,
1027 2853 1065 2914 in
1100 2851 1351 2935 possessionem

298 2950 384 3014 iuris
407 2951 643 3030 ecclesiastici,
657 2972 721 3035 pro
744 2951 977 3034 redemptione
1000 2952 1136 3015 animae
1157 2970 1266 3028 meae,
1282 2950 1353 3014 lar·

299 3049 398 3132 giens
412 3052 562 3128 concedo
576 3071 584 3132 ;
609 3053 773 3134 quatinus
786 3067 827 3116 eo
842 3053 983 3116 uiuente
1002 3051 1177 3134 possideat
1190 3058 1226 3114 et
1241 3055 1351 3132 regat,

298 3156 335 3214 et
362 3156 443 3233 post
470 3171 508 3215 se
543 3151 746 3235 cuicumque
779 3151 928 3216 uoluerit
966 3152 1142 3216 hominum
1171 3150 1350 3234 possiden·

298 3249 392 3326 dum,
407 3249 551 3314 liberum
574 3240 757 3316 arbitrium
775 3237 919 3330 habens,
939 3251 1178 3334 derelinquat3
1199 3258 1235 3315 et
1252 3256 1292 3314 ut
1306 3251 1351 3314 ab

298 3348 392 3414 omni
406 3351 535 3415 tributo
557 3341 783 3434 uectigalium
799 3370 941 3434 operum
961 3371 1172 3434 onerumque
1194 3349 1351 3415 saecula·

297 3449 386 3514 rium
414 3449 461 3514 sit
483 3451 592 3515 libera
618 3451 654 3514 in
682 3458 899 3536 perpetuum,
921 3472 985 3535 pro
1010 3451 1166 3516 mercede
1189 3458 1350 3515 aeternae

297 3550 544 3628 retributionis,
557 3550 666 3642 regali
679 3558 853 3633 potestate
867 3552 1053 3615 decernens
1068 3558 1201 3630 statu03
1213 3557 1351 3614 tantum

297 3657 338 3713 ut
367 3637 431 3713 deo
467 3649 695 3733 omnipotenti
720 3671 765 3714 ex
789 3651 909 3716 eodem
936 3651 1050 3734 agello
1076 3637 1351 3715 eccelesiasticee

298 3750 475 3815 seruitutis
500 3749 705 3822 famulatum
725 3751 903 3834 inpendat.
967 3751 1067 3816 Haec
1098 3758 1213 3815 autem
1241 3743 1351 3814 testa-

297 3849 404 3913 menti
426 3849 567 3914 traditio
583 3851 830 3933 perpetualiter
844 3857 967 3935 postea
989 3853 1118 3916 tradita
1134 3858 1188 3914 est
1207 3857 1351 3915 sanctae

294 3947 445 4013 ‘Mariae
464 3939 744 4032 Uueogernensis
760 3957 762 3962 '
778 3951 978 4016 monasterii
1013 3971 1076 4036 pro
1112 3951 1221 4034 ipsius
1258 3950 1350 4032 regis

298 4047 422 4113 salute.

355 4147 493 4228 ›14Ego
511 4146 709 4214 Aethilbald
733 4170 796 4215 rex
812 4151 1056 4229 Mercensium,
1079 4151 1168 4215 hane
1191 4149 1350 4215 donatio-

299 4266 377 4310 nem
392 4265 504 4311 meum
518 4249 707 4314 subscribo.
