3134 5030
336 407 402 472 282
595 422 768 470 cernuae
792 423 1128 472 lucrosaxourcrn.

337 582 510 664 prauitate
523 589 766 663 perpetrasset.
818 581 919 645 Tunc
932 583 970 643 u⁰
979 581 1090 644 omnis
1106 580 1165 644 ille
1180 581 1335 664 synodus
1349 583 1395 645 ad

337 682 546 764 aequitatem
561 682 769 746 inuenerunt
790 680 915 763 huncq:
939 681 1103 744 iudicium
1123 681 1288 745 unanimo
1310 701 1394 745 con·

336 799 441 844 sensu
456 781 711 846 constituerunt
727 828 735 845 .
751 780 844 862 quod
863 780 914 844 illi
936 781 1098 864 episcopo
1113 781 1254 845 reddere
1276 782 1395 845 omnia

336 879 512 944 debuisset
539 880 632 964 quod
656 880 825 946 uiolentia
851 879 1066 945 abstulerat.
1082 881 1119 944 in
1142 880 1270 946 omnib:
1289 882 1395 944 rebus

336 981 430 1062 quib:
456 1000 534 1044 eum
559 980 677 1062 aliqua
697 980 824 1043 iniuria
845 979 882 1042 in
905 980 998 1043 omni
1020 980 1134 1061 spatio
1157 980 1219 1044 illa
1242 980 1394 1064 spoliata

335 1079 450 1144 fuerat
463 1087 499 1144 et
519 1079 663 1144 alteram
685 1080 830 1144 similem
852 1086 987 1162 partem
1007 1079 1051 1142 ad
1076 1079 1142 1143 hoo
1163 1079 1276 1162 ipsum
1299 1080 1396 1143 adie-

336 1180 447 1243 cisse.
467 1185 503 1243 et
531 1198 667 1242 omnem
689 1198 790 1242 usum
811 1178 1011 1242 emendasse
1032 1179 1092 1261 qni
1117 1180 1155 1242 in
1176 1179 1253 1261 ipsa
1274 1181 1391 1262 spatio

336 1277 514 1343 confracta
538 1278 662 1343 fuerat.
715 1276 845 1342 Postea
869 1275 893 1340 l
922 1279 1052 1361 placuit
1074 1277 1288 1342 beomwulfo
1315 1280 1391 1360 regi

336 1398 400 1461 pro
418 1378 570 1442 amicitia
583 1377 784 1442 hereditatis
802 1378 982 1442 coenwulfi
996 1378 1088 1460 regis
1103 1376 1280 1460 heredesq:
1297 1377 1393 1442 illius

336 1497 414 1542 cum
443 1477 515 1541 suis
544 1477 726 1561 sapientib:
756 1477 821 1541 illo
846 1474 1046 1563 promineto
1071 1477 1221 1560 aicepiic
1244 1477 1392 1542 istarum

335 1577 574 1660 supradictarii
592 1596 706 1642 rerum
724 1575 1037 1642 reconciliationem
1060 1583 1096 1641 et
1116 1576 1392 1642 emendationem

335 1677 597 1758 diligentissimo
621 1676 733 1741 facere
761 1676 994 1741 decreuisset.
1011 1676 1167 1758 humiliq:
1193 1696 1307 1760 praece
1330 1677 1390 1741 de·

335 1778 501 1859 poscebat
523 1785 562 1842 ut
580 1776 661 1840 huic
675 1777 952 1841 reconciliatione
971 1796 1034 1859 pro
1054 1795 1171 1840 amore
1191 1775 1226 1840 di
1245 1783 1282 1840 et
1303 1778 1390 1840 ami-

337 1875 420 1940 citia
442 1877 536 1941 illius
562 1877 727 1941 adnuerat
743 1923 752 1940 .
768 1877 851 1960 quia
871 1875 1045 1940 hereditas
1067 1884 1104 1942 et
1124 1875 1223 1940 heres
1251 1875 1325 1940 eius
1346 1876 1391 1940 ad

335 1976 560 2041 intercessore
587 1983 622 2040 et
644 1976 689 2039 ad
713 1980 860 2060 patronii
873 1996 952 2040 eum
972 1975 1151 2060 expetiuit.
1205 1974 1286 2040 Hoc
1310 1995 1328 2040 s
1350 1983 1390 2040 ut

336 2083 485 2140 terram.
502 2093 534 2140 c.
549 2069 689 2141 maneni
713 2075 750 2140 in
772 2083 938 2159 quattuor
959 2076 1044 2140 locis
1069 2075 1243 2158 suscipere
1265 2073 1391 2162 de'pca·

337 2175 398 2238 bat
412 2223 420 2239 .
435 2175 472 2238 id
486 2186 503 2230 ÷
517 2183 564 2240 aet
574 2175 702 2257 hearge
717 2223 724 2238 .
742 2174 956 2257 heresrebing
969 2175 1051 2239 lond
1068 2182 1170 2266 .7aet
1180 2175 1369 2240 wembalea
1380 2221 1404 2248 ,Κ

335 2297 358 2364 7
381 2281 428 2339 aet
452 2275 716 2357 geddinoggum.
768 2275 812 2339 In
842 2281 1016 2358 postremo
1042 2273 1066 2337 i
1089 2275 1149 2338 ille
1169 2271 1391 2361 prominatus

336 2373 428 2456 epiic
441 2374 533 2438 illius
547 2376 639 2457 regis
648 2375 881 2457 allegationib:
894 2373 1157 2440 accommodans
1169 2421 1177 2438 .
1189 2394 1258 2438 non
1271 2381 1390 2438 tamen

334 2481 528 2556 spontanea
540 2475 721 2541 uoluntate
743 2474 803 2538 sed
825 2496 852 2561 p
871 2493 988 2539 amore
1005 2471 1041 2538 di
1061 2481 1096 2538 et
1110 2473 1283 2538 amicabili
1300 2475 1388 2538 ami·

334 2573 418 2637 citia
432 2574 525 2637 illius
539 2571 631 2656 regis
645 2573 735 2638 hanc
757 2573 922 2657 praedictei
941 2573 1217 2638 reconciliatione
1241 2593 1389 2638 consen-

335 2673 452 2736 tiendo
482 2675 690 2756 suscepisset
720 2680 761 2737 ut
791 2675 853 2737 illa
880 2673 1057 2738 abbatissa
1085 2672 1285 2756 cwoenilryb
1315 2673 1390 2737 lilia

335 2773 513 2837 coenwulfi
534 2772 667 2856 heresq:
691 2773 784 2836 illius
807 2773 895 2837 hanc
917 2770 1067 2859 pdictam
1092 2780 1218 2837 terram
1244 2793 1388 2856 compu-

335 2871 400 2935 tati
416 2919 424 2936 .
440 2890 472 2936 c.
495 2867 636 2937 maneni
657 2873 718 2936 illo
739 2872 888 2954 aieepiic
913 2892 992 2936 cum
1008 2872 1155 2956 propriis
1177 2881 1213 2938 et
1234 2873 1388 2954 antiquis

335 2970 550 3053 telligraphis
571 2979 607 3036 et
623 2991 701 3035 cum
723 2972 808 3035 eade
828 2972 988 3036 libertate
1002 2991 1106 3054 quam
1121 2978 1202 3036 ante
1217 2970 1389 3038 babuerat

334 3070 370 3133 in
392 3069 557 3152 perpetua
578 3070 801 3135 hereditatem
821 3071 865 3135 ad
887 3070 1079 3136 habendam
1094 3078 1132 3136 et
1144 3071 1387 3154 possidendam

335 3177 450 3251 postq:
474 3169 547 3232 dies
568 3171 642 3234 eius
667 3171 836 3252 cuicumq:
859 3170 892 3234 ei
916 3170 1085 3254 placuerit
1107 3170 1389 3254 dereliquendum

335 3268 536 3333 tradiderat.
599 3269 748 3354 Insuper
778 3271 884 3334 etiam
909 3270 969 3334 ille
998 3270 1195 3335 beornwulf
1217 3290 1282 3334 rex
1310 3290 1389 3334 cum

335 3369 531 3434 testimonio
546 3370 724 3454 consilioq:
749 3369 902 3434 eiusdem
923 3369 1047 3453 synodi
1064 3370 1159 3433 illam
1180 3376 1391 3452 terramque

335 3477 415 3533 ante
446 3489 516 3533 non
547 3468 661 3534 suerat
686 3470 832 3534 liberata
853 3468 955 3533 huius
980 3466 1167 3553 praedictae
1194 3469 1390 3534 donationis

335 3569 454 3632 eadem
469 3569 628 3633 libertate
641 3569 812 3633 liberabat
825 3569 914 3634 sicut
925 3576 960 3634 et
975 3568 1085 3633 altera
1096 3576 1189 3632 terra
1201 3576 1248 3634 aet
1260 3568 1389 3651 hearge

334 3666 404 3730 iam
433 3667 527 3731 dudii
553 3668 700 3734 liberata
725 3668 838 3733 suerat
871 3675 908 3732 et
936 3668 972 3733 in
1001 3668 1113 3732 altera
1135 3666 1276 3733 kartula
1304 3689 1390 3733 con·

334 3767 464 3849 scripta
491 3768 648 3832 habetur.
700 3767 768 3832 Sed
788 3768 905 3832 statim
931 3768 1000 3832 ista
1020 3768 1207 3850 praedictae
1234 3769 1389 3834 reconci-

334 3866 431 3930 liatio
454 3866 631 3932 confracta
655 3885 672 3940 s
700 3868 782 3950 quia
811 3883 915 3931 ‚xu.
945 3866 1089 3932 mensib:
1114 3868 1215 3932 istius
1240 3887 1389 3950 praeno·

334 3966 474 4031 minatae
497 3973 598 4031 terrae
616 4015 623 4028 .
642 3983 697 4031 111.
717 3973 896 4032 manentes
922 3969 1095 4032 abstracte
1119 3974 1202 4031 sunt
1217 4014 1226 4031 .
1243 3968 1388 4050 librosq:

335 4082 450 4130 xnvn.
474 4061 615 4131 maneni
626 4067 664 4132 in
678 4068 789 4131 tribus
804 4067 888 4131 locis
903 4067 1038 4132 reddita
1058 4087 1128 4131 non
1142 4067 1282 4133 fuerunt
1297 4116 1306 4131 .
1322 4067 1390 4132 hoc

334 4179 350 4225 a
364 4173 411 4229 aet
425 4165 591 4231 boclonde
607 4217 616 4232 .
631 4174 711 4259 yart
724 4167 912 4234 wembalea
927 4215 934 4230 .
947 4191 969 4259 7
984 4174 1031 4232 aet
1045 4166 1260 4248 herefrebing
1273 4167 1390 4232 londo.
