3134 5030
468 456 642 506 susanna
664 457 1005 509 nncnmnxourcnn.
1190 443 1253 510 301

203 623 338 700 partem
361 635 461 680 suum
486 617 633 700 sumpsit
654 616 691 682 in
713 618 790 684 loeo
813 619 873 702 qui
893 627 1039 684 uocatur
1054 619 1257 685 Derentune

204 717 332 782 homm.
384 717 431 782 Et
452 717 530 781 aliis
551 717 686 782 duobus
710 718 773 784 has
799 739 836 785 x.
859 727 1039 784 manentes
1061 728 1165 804 prout
1185 720 1255 784 illis

202 817 336 902 placuit
358 817 561 882 diuidendas
583 818 723 884 dimisit.
776 819 826 884 At
851 819 903 884 illi
924 839 1008 884 nero
1028 821 1121 885 inter
1141 841 1180 885 se
1203 821 1256 884 di-

204 918 374 996 uidentes,
397 917 513 982 Allled
545 919 678 1003 accepit
708 920 775 984 sibi
790 921 836 983 in
867 920 1070 985 occidentali
1094 929 1194 1004 parte
1219 922 1256 984 in

202 1018 392 1083 dominium
418 1017 592 1102 peculiare
618 1019 706 1084 duos
735 1027 902 1086 cassatos.
954 1020 1148 1086 Territoria·
1173 1041 1257 1086 uero

204 1118 307 1184 huius
322 1119 429 1202 agelli
439 1119 509 1184 ista
521 1127 603 1184 sunt
614 1127 682 1185 etc.

253 1219 393 1302 Scripta
408 1227 462 1284 est
478 1265 487 1282 .
502 1217 537 1284 h.
553 1218 655 1284 huius
675 1219 848 1303 priuilegii
869 1218 1010 1285 scedula
1032 1240 1124 1286 anno
1146 1222 1255 1286 domi·

203 1319 301 1384 nicae
326 1319 577 1384 incarnationis
602 1323 849 1384 ncccxxxur.
888 1319 1083 1386 Indictione
1108 1323 1176 1388 xi1.
1199 1323 1256 1387 dia

202 1438 273 1502 qua
294 1419 413 1484 Sancti
437 1419 602 1503 Stephani
618 1418 895 1504 prothomartiris
918 1421 1143 1504 solempnitas
1165 1423 1254 1487 cele-

202 1521 333 1599 bratur,
348 1520 385 1584 in
399 1520 484 1586 uilla
498 1520 607 1604 regali
620 1521 680 1604 qui
695 1526 841 1584 uocatur
856 1519 1184 1602 Dornuucrecestre,
1196 1542 1254 1586 co÷

202 1639 276 1684 ram
296 1620 440 1704 ydoneis
462 1620 783 1705 adstipulatoribus,
798 1639 945 1703 quorum
971 1623 1111 1687 nomina
1136 1624 1256 1688 subter

202 1727 324 1785 notata
344 1729 540 1805 patescunt.
592 1720 720 1804 Siquis
740 1726 856 1786 autem
877 1723 1058 1804 tyrannica
1081 1729 1254 1805 potestate

200 1820 342 1884 inflatus
356 1828 391 1885 et
404 1820 575 1886 diabolica
589 1820 709 1885 fraude
723 1821 887 1904 deceptus
906 1820 970 1886 hoc
983 1822 1170 1905 infringere
1192 1832 1254 1889 aut

202 1920 355 1986 minnere
376 1941 482 1985 ausus
507 1922 565 1999 sit,
580 1922 668 1987 sciat
687 1941 726 1986 sc
749 1923 1084 1987 excommunicatum
1104 1931 1140 1988 et
1154 1942 1176 1987 a
1195 1944 1252 1988 so-

202 2021 327 2087 cietate
351 2030 549 2087 sanctornm
572 2030 771 2106 separatum
793 2028 829 2086 et
853 2028 934 2086 ante
957 2023 1110 2088 tribunal
1124 2023 1254 2089 Christi

202 2121 371 2187 rationem
388 2122 612 2188 redditurum.

259 2224 298 2304 ›1‹
316 2222 392 2304 Ego
406 2222 599 2305 Ecgbertus
613 2243 675 2288 rex
691 2223 780 2288 hauc
794 2231 948 2288 nostram
964 2242 1178 2288 communem
1194 2244 1252 2288 co-

202 2322 455 2387 roborationem
466 2324 607 2407 propria
615 2343 719 2388 manu
730 2324 831 2407 signo
840 2331 981 2388 sanctae
991 2321 1102 2387 crucis
1111 2323 1161 2388 sio
1170 2344 1254 2388 con·

203 2419 312 2488 firmo.
334 2421 457 2506 ›1⁴Ego
470 2420 828 2508 Alstanusepiscopus
839 2421 998 2489 consensi
1008 2431 1044 2488 et
1054 2424 1252 2509 subscripsi.

664 2573 786 2586 m

594 2652 860 2721 ccxxxnr.

433 2790 454 2834 r
481 2786 722 2865 curcula,
737 2787 824 2872 May
838 2787 934 2866 acu,
947 2785 1029 2886 ssa¹

259 2926 298 3006 ›1‹
319 2922 548 2988 Uurrnanws
565 2920 790 3006 dispositione
812 2919 931 2985 diuina
953 2941 1014 2986 rex
1033 2921 1251 3000 Marciorum,

202 3024 359 3088 omnibns
373 3022 578 3087 christicolis
592 3023 788 3086 uniuersam
799 3021 964 3086 Merciam
978 3022 1250 3089 inhabitantibus

205 3123 351 3188 salutem
381 3124 635 3206 sempiternam.
699 3121 879 3204 Magnalia
907 3122 963 3188 dei
991 3124 1187 3207 praedicare
1217 3133 1254 3190 et

204 3225 379 3309 publicare
401 3224 541 3288 minime
560 3222 643 3287 mihi
663 3223 908 3300 uerecundum,
933 3224 992 3288 sed
1013 3243 1095 3289 nere
1114 3225 1252 3290 uidetur

205 3323 427 3389 honorificum
448 3331 484 3388 et
509 3323 719 3405 gloriosum3
749 3323 841 3386 unde
863 3330 982 3405 aperte
1002 3325 1167 3389 confiteor
1189 3325 1251 3390 do-

205 3425 311 3504 mino,
326 3425 386 3509 qui
405 3424 442 3488 in
457 3423 537 3487 altis
563 3422 709 3499 habitat,
725 3421 867 3486 humilia
889 3423 1076 3505 respiciens
1098 3424 1133 3488 in
1156 3426 1253 3489 coelo

204 3533 241 3590 ct
263 3525 301 3588 in
324 3533 428 3601 terra,
443 3522 606 3607 quoniam
633 3522 677 3588 ad
702 3527 838 3605 tempus
859 3522 970 3588 iratus
989 3530 1044 3587 est
1065 3523 1149 3586 mihi
1170 3544 1255 3588 con-¹

203 3645 326 3690 uersus
339 3632 393 3690 est
408 3623 503 3689 furor
523 3642 619 3701 suus,
638 3630 674 3688 et
688 3622 886 3686 consolatus
910 3630 964 3687 est
984 3643 1051 3702 me,
1066 3622 1252 3690 humilians

204 3725 242 3789 in
269 3726 322 3790 ira
346 3743 411 3790 sua
443 3730 659 3808 peccatorem
689 3731 801 3806 usque
833 3722 878 3786 ad
904 3730 1043 3801 terram,
1068 3723 1252 3790 detrahens

204 3825 370 3909 usquead
384 3824 573 3908 puluerem,
588 3823 761 3888 etiterum
777 3822 813 3886 in
824 3822 1056 3889 misericordia
1067 3844 1131 3888 sua
1144 3827 1253 3890 susci-

204 3933 286 3991 tans
305 3926 350 3991 de
371 3925 513 4009 puluere
536 3943 695 4007 egenum,
709 3931 744 3988 et
765 3923 808 3987 de
833 3930 984 3988 stercore
1008 3925 1144 4006 erigens
1166 3945 1253 4008 pau-

205 4047 333 4109 perem,
352 4033 392 4090 ut
413 4025 549 4090 sedeam
575 4045 653 4090 cum
676 4021 886 4107 principibus
911 4031 947 4088 et
971 4024 1094 4089 solium
1122 4025 1253 4107 gloriae

160 4175 167 4184 .
206 4135 355 4192 teneam.
408 4124 452 4189 In
466 4125 522 4190 dic
538 4125 644 4207 igitur
656 4125 823 4188 bonorum
838 4144 882 4189 nc
896 4123 1073 4189 immemor
1094 4125 1158 4188 sim
1180 4146 1253 4190 ma-

205 4227 330 4305 lorum,
353 4245 483 4290 memor
498 4245 557 4290 ero
573 4224 697 4289 Rahab
712 4230 746 4288 et
763 4223 973 4308 Babylonis;
997 4226 1177 4291 scientium
1201 4247 1254 4291 me
