3112 5032
451 468 625 517 cusanus
648 465 992 516 sncnosuxomcsn.
1181 451 1248 517 203

192 626 344 692 Eannlso
363 625 627 709 conscripserat,
649 624 684 688 id
704 632 757 688 est
771 632 814 688 ut
837 625 885 688 sit
904 624 1013 688 libera
1034 631 1107 689 tam
1128 623 1165 688 in
1178 629 1247 688 ter·

188 748 308 791 rarum
317 727 504 790 donatione
517 745 579 789 scu
591 726 628 788 in
642 725 801 789 omnibus
814 725 928 788 causis
940 724 1060 807 paruis
1076 724 1132 788 uel
1149 742 1248 806 mag·
1379 772 1382 779 .

190 829 246 891 nis
274 829 480 891 inconcussa
501 831 702 909 permaneat
721 844 832 907 usque
852 825 890 890 in
908 825 1097 903 saeculum,
1116 823 1248 889 tamdiu

189 928 279 992 fides
309 928 500 992 christiana
529 927 621 1009 apud
654 923 791 1006 Anglos
824 925 861 988 in
893 925 1068 990 Brittania
1097 932 1248 990 maneat.

195 1028 335 1112 [Soluto
357 1028 406 1090 sit
431 1027 475 1090 ab
499 1027 594 1090 omni
618 1025 656 1089 ui
678 1045 798 1108 regum
830 1033 866 1090 ct
891 1026 1085 1107 principum
1109 1033 1144 1089 et
1167 1027 1249 1089 sub-

193 1128 345 1192 ditorum
369 1127 535 1210 ipsorum,
551 1125 589 1190 in
608 1145 742 1190 summo
768 1124 823 1189 dci
846 1126 984 1190 nominc
1007 1125 1249 1209 praecipimus,

195 1235 333 1311 practer
346 1226 401 1290 his
415 1226 658 1308 uectigalibus,
672 1225 737 1289 hoc
753 1233 819 1303 cst,
834 1224 904 1289 bars
921 1225 1054 1307 gaioles
1070 1233 1117 1290 aet
1131 1225 1249 1291 Wcst·

193 1329 297 1412 byrig
309 1329 376 1393 twi
391 1335 526 1392 tunnau
539 1325 623 1390 fullc
646 1324 776 1390 hlfitres
794 1323 871 1389 alob
886 1342 905 1405 Ἰ
922 1327 1023 1389 cumb
1046 1325 1141 1390 sulnc
1164 1325 1249 1388 hbes

194 1427 305 1508 alob]
322 1429 422 1492 cumb
437 1426 533 1490 sulne
543 1425 698 1491 welisces
712 1425 823 1506 aleb]
841 1442 892 1489 vu
908 1424 1023 1488 bribru
1036 1442 1056 1506 ]
1071 1425 1127 1489 six
1140 1424 1250 1490 webe-

194 1547 254 1602 ras
269 1544 289 1607 3
306 1545 358 1590 xu
373 1543 485 1610 cysa]
499 1543 535 1590 vl
550 1528 635 1608 lang
649 1523 763 1606 bero]
780 1527 882 1611 britig
896 1526 1016 1589 ombra
1032 1545 1111 1590 rues
1129 1545 1250 1590 cornes

193 1629 323 1693 feower
333 1628 455 1691 ambru
465 1627 681 1691 meolwesad
696 1624 847 1708 regalem
856 1620 1012 1707 uicum.]¹
1040 1625 1122 1689 Hoc
1132 1627 1249 1708 itaque

196 1748 276 1792 cum
298 1727 443 1792 consilio
468 1727 669 1810 pontificum
694 1745 849 1790 mcorum
872 1734 908 1790 et
930 1732 1130 1790 senatorum
1152 1727 1252 1791 firmo

196 1828 335 1892 foedera
347 1827 511 1904 indicaui,
526 1833 567 1891 ut
587 1827 684 1890 nulla
703 1827 890 1891 saecularis
903 1826 1056 1908 dignitas
1070 1827 1113 1890 de
1131 1834 1253 1890 nostra

198 1928 410 1992 haereditate
422 1928 502 2010 plus
519 1925 573 1990 his
592 1927 629 1990 in
650 1945 778 2009 magno
800 1927 858 1991 uel
879 1927 1014 1992 modico
1032 1947 1095 2010 per
1107 1927 1178 1989 uim
1191 1934 1253 1991 aut

196 2029 402 2112 petitionem
428 2027 559 2108 aliquid
582 2027 714 2110 exigat,
739 2028 886 2111 [absque
908 2026 974 2090 hoc
1003 2033 1138 2090 tantum
1161 2027 1253 2110 quod

199 2129 284 2194 haec
299 2146 462 2212 praesens
476 2127 611 2191 cartula
622 2123 818 2209 continet].¹
871 2126 922 2190 Hi
937 2134 1020 2190 sunt
1032 2134 1149 2191 testes.

195 2268 200 2277 ·
255 2231 294 2312 »14
312 2228 389 2310 Ego
413 2227 492 2291 Offa
512 2229 626 2310 gratia
639 2228 694 2292 dci
709 2248 772 2292 rex
797 2227 878 2310 [hoc
901 2228 974 2310 regi
992 2228 1137 2310 singulis
1152 2228 1254 2290 annis

198 2331 330 2394 statum
345 2374 488 2395 ......
504 2347 643 2392 censum
670 2347 794 2392 manus
816 2347 913 2392 meac
935 2329 1096 2410 propriae
1119 2321 1248 2410 signo]¹

197 2429 375 2494 confirmo.
431 2427 472 2507 »14
488 2428 565 2510 Ego
591 2427 730 2510 Ecgsrib
757 2427 910 2492 ciusdem
936 2427 1028 2509 regis
1053 2427 1144 2490 filius
1169 2445 1253 2490 con·

199 2531 294 2595 sensi
304 2536 339 2594 et
350 2529 548 2611 subscripsi.
586 2529 715 2610 »14Εςο
728 2526 1249 2616 AcpelhoardArchicpiscopus.

205 2631 245 2712 »14
271 2629 348 2712 Ego
378 2626 562 2692 chbored
597 2629 778 2712 opiscopus
807 2629 964 2693 consensi
993 2635 1029 2692 et
1055 2627 1254 2710 subscripsi.

203 2732 245 2811 »14
267 2729 344 2812 Ego
386 2729 562 2793 Unuuona
593 2729 775 2812 episcopus
808 2729 967 2794 consensi
994 2735 1030 2792 ct
1056 2728 1255 2810 subscripsi.

200 2832 246 2912 »14
266 2830 410 2912 Signum
441 2829 614 2895 Brordani
643 2830 789 2912 patricii.
855 2831 894 2912 »14
915 2828 1060 2910 Signum
1085 2829 1255 2893 Beonnan

202 2931 348 2994 abbatis.
404 2930 444 3011 »14
465 2929 612 3012 Signum
638 2928 828 2994 Alhmundi
844 2929 993 2993 abbatis.
1050 2929 1089 3010 »14
1110 2927 1256 3011 Signum

202 3030 418 3112 -Uuigmundi
455 3030 602 3093 abbatis.
659 3031 698 3112 »14
727 3030 873 3112 Signum
911 3026 1075 3094 Fororeoi
1110 3029 1256 3093 abbatis.

207 3131 246 3212 »14
266 3130 411 3212 Signum
426 3129 554 3214 Bynna
574 3129 749 3212 principis.
807 3131 846 3212 »14
861 3130 1006 3212 Signum
1029 3129 1123 3193 Esne
1148 3129 1255 3193 ducis

200 3232 247 3312 »14
268 3231 413 3313 Signum
440 3228 652 3316 Aepolmund
677 3230 786 3295 ducis.
842 3231 882 3312 »14
911 3230 1055 3313 Signum
1077 3228 1255 3294 Alhmund

203 3331 312 3397 ducis.
389 3330 428 3411 »14
458 3330 601 3412 Signum
637 3330 835 3412 Uuigbcrht
871 3330 979 3393 ducis.
1051 3330 1090 3411 »14
1111 3330 1257 3412 Signum

205 3430 489 3514 Uuicganducia
547 3432 587 3513 »14
604 3429 749 3512 Signum
765 3429 942 3494 Alhmund
952 3429 1062 3495 ducis.
1118 3431 1157 3512 »14
1179 3429 1259 3512 Sig-

203 3552 287 3596 num
301 3531 442 3613 Eadgar
457 3531 566 3596 ducis.

596 3744 831 3831 ¹cnxvm
918 3783 920 3788 .

466 3924 470 3929 .
541 3878 697 3958 orm,
719 3833 906 3945 7914796.
1039 3919 1041 3924 -
1149 3889 1151 3893 ·

262 4015 301 4096 »14
322 4013 367 4077 Iu
383 4014 521 4080 nomine
536 4013 661 4077 summi
676 4013 844 4090 tonantis,
858 4014 918 4096 qui
932 4019 986 4076 cst
1004 4011 1206 4077 benedictus
1225 4011 1262 4075 in

206 4113 364 4178 saccula!
395 4114 551 4197 Regibus
565 4113 766 4197 potentibus
783 4123 818 4178 ct
832 4112 934 4178 huius
948 4113 1078 4178 sacculi
1086 4113 1263 4190 diuitibus,

531 4253 539 4284 ¹
557 4256 678 4318 Wanting
690 4256 715 4304 in
728 4255 770 4304 the
782 4256 875 4306 second
887 4255 944 4308 MS.
