3134 5030
459 449 629 498 οιιιιιιιιι
652 450 988 500 Αιιιοιιιιοιιιοιιι.
1187 429 1254 494 319

197 605 425 688 patrocinium
443 624 485 669 ac
507 606 756 688 protectionem
776 605 869 668 illius
892 605 983 670 sedis
1007 623 1072 668 nos
1094 609 1130 668 et
1152 603 1249 668 bere-

201 705 292 770 ditas
316 705 376 768 nia
400 705 486 787 niiq:
508 704 649 769 heredes
674 706 846 788 quicumq:
874 703 909 768 di
933 704 1124 768 uoluntatis
1147 703 1251 768 fuerit

200 805 293 887 quod
309 804 360 868 illi
379 804 449 868 sint
469 805 507 868 in
528 807 686 869 omnibus
708 805 940 870 necessitatib:
956 805 1024 868 niis
1040 805 1138 885 absq:
1157 804 1250 868 omni

199 903 412 968 dubitatione
425 909 654 986 spontaneum
668 912 863 987 paratumq·
880 904 1016 968 amicali
1029 906 1146 968 amore
1160 921 1249 967 scm-

201 1004 454 1084 perinueniant
468 1022 529 1066 sen
552 1004 657 1068 etiam
679 1004 808 1068 familie
829 1004 979 1070 liberorii
1000 1003 1249 1068 monasteriem

201 1103 261 1185 qui
289 1103 481 1186 antiquitus
506 1104 605 1167 sub
595 1123 669 1168 rure
695 1070 881 1218 dominioq
907 1105 1070 1168 abbatum
1097 1103 1250 1167 abbatis-

201 1221 352 1284 sarumq.
383 1203 569 1267 constitute
594 1203 723 1268 fuerint
752 1204 813 1285 qui
848 1223 903 1267 me
938 1221 1086 1284 meumq:
1117 1208 1251 1283 patrem

201 1299 388 1384 ecgberbtii
409 1321 525 1384 regem
547 1321 610 1385 pro
632 1303 704 1367 suis
723 1303 871 1387 propriis
893 1321 934 1366 ac
956 1302 1116 1365 maximis
1131 1318 1249 1364 neces-

204 1401 332 1465 sitatib:
358 1401 423 1464 sibi
445 1401 489 1464 ad
513 1403 759 1484 protectionem
774 1411 810 1467 et
831 1400 876 1466 ad
897 1402 1050 1465 dominiii
1073 1401 1251 1482 elegerunt

204 1500 410 1614 spiritalesq:
432 1501 588 1564 dominos
602 1501 637 1564 id
654 1515 675 1568 ÷
697 1502 791 1584 episi:
814 1521 948 1566 mecum
969 1501 1149 1565 constituti
1171 1519 1251 1582 pro·

204 1600 280 1682 pria
292 1600 472 1664 uoluntate
487 1620 620 1664 mecum
635 1601 840 1666 habuerunt.
855 1601 920 1664 ut
910 1619 950 1664 ιιι
961 1600 1088 1664 omnib.
1109 1599 1251 1663 libertas

204 1707 240 1764 et
262 1699 382 1781 regula
405 1700 660 1764 monasterialis
678 1701 752 1764 uite
777 1701 843 1764 rite
865 1719 907 1764 ec
933 1707 1026 1764 recte
1053 1701 1099 1764 ab
1123 1699 1249 1762 omnib.

203 1799 272 1864 illis
294 1805 462 1863 seruetur.
522 1799 589 1864 Sed
616 1767 755 1882 etpost
779 1800 852 1864 dies
878 1818 974 1863 meos
998 1817 1061 1862 sue
1082 1799 1252 1862 libertatis

205 1899 372 1965 electione
406 1899 502 1981 absq·
538 1899 632 1963 omni
669 1899 848 1964 obstaculo
876 1899 1071 1981 cuicunque
1096 1898 1254 1980 personis

205 1999 302 2082 digni
322 1997 526 2063 habeantur.
577 1998 843 2082 Insuperctiam
865 2018 928 2081 pro
947 1999 1013 2064 h'ao
1034 1995 1097 2062 nia
1114 2016 1255 2080 susoep·

205 2099 300 2163 tione
322 2098 521 2181 electioneq:
545 2100 805 2181 nequaquami
828 2099 962 2180 cuicriq:
985 2098 1169 2180 potestatis
1192 2096 1253 2161 ho·

207 2200 298 2262 mine
319 2198 393 2261 siue
415 2196 517 2278 regii
535 2193 629 2280 epis‘d
652 2197 790 2262 maioris
812 2197 998 2262 minorisae
1018 2197 1175 2278 personis
1196 2215 1254 2260 ao-

208 2297 337 2363 cussati
359 2297 615 2361 calumniantur
634 2316 711 2380 neq:
725 2297 868 2361 libertas
881 2298 1113 2378 eorirsemper
1125 2293 1161 2358 in
1176 2315 1257 2377 pos-

209 2404 321 2461 terum
335 2397 371 2459 in
384 2396 501 2480 aliqua
515 2396 708 2479 frangatur.
761 2395 904 2478 Nullaqr
917 2395 1095 2460 altercatio
1111 2394 1256 2458 alicuius

210 2496 399 2579 questionis
413 2496 504 2560 inter
515 2515 579 2560 nos
593 2497 708 2579 niosq:
718 2495 859 2559 heredes
877 2503 914 2560 et
922 2495 1145 2560 hereditatem
1160 2494 1256 2558 niam

210 2603 246 2660 et
266 2595 364 2659 illum
385 2595 442 2659 aic
464 2596 641 2678 episipum
662 2614 912 2678 successoresq:
931 2594 1005 2659 eius
1027 2601 1065 2658 et
1077 2593 1257 2658 ecclesiam

210 2694 271 2782 xpi
285 2702 321 2759 et
334 2694 499 2758 familiam
518 2694 591 2758 eius
607 2715 653 2759 ex
666 2695 732 2759 hac
746 2694 801 2759 die
815 2702 851 2760 et
865 2695 1026 2776 deinceps
1039 2693 1258 2758 inimicaliter

209 2801 332 2860 exorta
360 2795 416 2858 sit.
445 2795 506 2858 sed
531 2813 604 2877 pax
632 2795 693 2859 nia
722 2795 965 2876 conglutinata
988 2812 1104 2857 amore
1137 2793 1256 2874 uigere

211 2895 333 2959 florere
359 2912 545 2976 crescercq:
570 2894 661 2958 inter
685 2912 749 2957 nos
771 2895 885 2976 niosq:
911 2893 1106 2957 carissimos
1130 2892 1258 2955 amicos

210 2992 457 3078 perpetualiter
471 2993 599 3058 ualeat.
618 2994 739 3075 duasq:
761 2995 950 3076 scriptume
968 3013 1031 3076 per
1048 2992 1164 3057 omnia
1176 3011 1258 3055 con-

211 3094 339 3159 similes
374 3092 475 3156 huius
509 3093 807 3158 reconciliationis
825 3093 1036 3158 conscribere
1064 3092 1257 3158 stnhumus.

211 3195 356 3258 alteram
377 3192 554 3256 habeat
518 3211 574 3257 arc
587 3193 680 3276 episc
703 3213 782 3257 cum
799 3192 1015 3275 telligraphis
1031 3188 1230 3257 ecclesie
1158 3192 1259 3298 xpi.

214 3294 358 3357 alteram
386 3292 549 3374 ecgberht
570 3299 606 3356 et
628 3292 821 3357 aetheluulf
838 3311 937 3373 reges
958 3312 1043 3354 cum.
1060 3264 1260 3358 hereditatis

213 3394 297 3457 corii
311 3391 501 3473 scripturis.
553 3389 725 3457 Actum÷
752 3389 888 3455 hanno
902 3391 1101 3454 dominice
1092 3385 1259 3460 mcarnai.

214 3507 469 3556 noccxxxvru.
491 3490 615 3555 Indict.
632 3509 656 3556 1.
680 3490 734 3554 die
756 3507 823 3554 1111.
837 3491 923 3555 feria
941 3490 1020 3554 .bis
1041 3490 1155 3554 testib:
1180 3510 1261 3555 con-

215 3591 411 3656 sentientib:
438 3590 498 3674 qui
522 3590 611 3653 hanc
636 3591 707 3653 nim
736 3591 1051 3656 reconciliationem
1076 3589 1178 3672 signo
1204 3591 1261 3653 sie

214 3691 325 3756 crucis
339 3686 399 3775 xpi
414 3689 656 3754 confirmantes
670 3691 958 3773 subscripserunt.

273 3791 314 3872 ›1‹
333 3790 410 3870 Ego
432 3788 608 3861 ceolnotht
624 3789 739 3872 gratia
764 3789 800 3853 di
824 3790 881 3854 aio
905 3790 998 3872 episi.
1027 3785 1116 3852 banc
1143 3809 1263 3853 recon-

215 3889 422 3956 ciliationem
438 3896 473 3954 et
487 3888 591 3953 istam
604 3884 784 3953 confirmai
800 3909 878 3952 cum
894 3889 994 3971 signo
1009 3889 1067 3951 sie
1078 3889 1189 3952 crucis
1204 3886 1264 3974 xpi

214 3989 276 4054 rob
291 4011 314 4080 7
328 3988 403 4051 sub.

273 4091 312 4169 »1⁴
333 4087 409 4169 Ego
421 4086 607 4170 baegmund
621 4086 661 4169 pi
675 4087 719 4152 ab
733 4087 815 4150 coni
829 4109 852 4178 7
867 4088 941 4151 suli.

273 4188 312 4269 ›1‹
334 4187 410 4268 Ego
424 4186 596 4250 uuerhard
611 4186 650 4269 pi
663 4186 706 4249 ab
721 4187 801 4251 coni
817 4208 839 4277 7
854 4187 929 4250 sub.
