3112 5032
329 416 395 480 194
586 431 759 480 curasan
782 432 1125 482 ruonosrxomcrn.

331 590 412 668 ciat,
426 589 562 656 sibimet
575 597 716 655 aeterna
730 598 904 655 mercatur
914 592 1019 667 bona,
1034 607 1184 671 suasque
1204 607 1323 671 preces
1338 589 1385 652 ad

333 690 486 754 diuinam
510 691 689 772 peruenire
719 690 936 755 clementiam
959 689 1083 754 cotidie
1108 689 1210 754 citius
1236 709 1298 771 per
1319 686 1386 753 hoc

333 789 450 867 faciat,
464 790 556 872 qnod
568 791 642 872 ipse
658 790 803 854 aliorum
815 791 852 853 in
866 791 939 854 suis
960 789 1224 854 necessitatibus
1239 787 1386 852 libenter

333 890 518 970 exaudiat3
550 890 716 956 attentius
738 891 972 967 reminiscens
992 889 1084 971 quod
1104 890 1298 972 quibusque
1330 909 1389 952 re-

332 988 466 1072 ligiosis
478 991 767 1073 postulationibus
778 998 877 1056 tanto
892 991 1055 1056 libentius
1065 996 1232 1072 tantoque
1246 1008 1388 1072 promp-

335 1091 404 1153 tius
420 1107 606 1154 consensus
620 1091 835 1172 praebendus
851 1098 916 1168 est,
936 1096 1067 1173 quanto
1090 1096 1125 1154 et
1147 1089 1217 1152 illis
1232 1089 1292 1170 qui
1306 1108 1387 1171 pre·

333 1196 469 1254 catores
480 1196 573 1267 sunt,
584 1189 702 1255 utilior
715 1209 771 1255 res
785 1192 972 1255 secundum
987 1190 1051 1254 hoo
1062 1189 1198 1254 uisibile
1209 1189 1388 1253 saeculum

334 1309 426 1354 nunc
440 1290 647 1372 impertitur,
670 1298 706 1355 et
725 1290 794 1354 illis
817 1292 876 1373 qui
899 1309 1118 1354 concessores
1141 1290 1308 1367 existunt,
1323 1309 1389 1372 pro

336 1389 512 1472 impertito
528 1409 632 1472 opere
645 1391 785 1472 pietatis
800 1391 938 1455 uberior
951 1409 1082 1454 merces
1097 1390 1284 1454 secundnm
1297 1389 1390 1452 inui-

336 1490 434 1553 sibile
448 1491 665 1571 postmodum
677 1492 859 1555 tribuetur.
896 1489 1128 1570 Quamobrem
1144 1509 1210 1571 ego
1222 1488 1392 1571 Egberbt,

335 1609 399 1652 rex
423 1588 581 1667 Cantiae,
606 1590 669 1655 tibi
691 1590 913 1655 dilectissimo
934 1591 1096 1673 episcopo
1117 1589 1261 1666 Dioren,
1283 1597 1390 1671 atque

337 1694 420 1752 tuae
434 1689 621 1754 aecclesiae
634 1709 723 1772 quae
744 1691 781 1755 in
796 1691 925 1755 honore
940 1691 1053 1755 sancti
1063 1689 1224 1755 Andreae
1239 1689 1392 1771 apostoli

338 1797 541 1853 consecrata
550 1797 616 1867 est,
627 1810 690 1872 pro
702 1790 851 1855 remedio
862 1790 998 1855 animae
1006 1809 1116 1868 meae,
1128 1809 1207 1854 cum
1219 1808 1393 1855 consensu

337 1907 491 1952 meorum
507 1889 713 1971 optimatum
729 1898 833 1973 atque
846 1890 1052 1975 principum,
1076 1898 1204 1955 terram
1220 1887 1306 1952 iuris
1322 1889 1391 1955 mei

338 1988 455 2052 decem
486 1997 691 2067 aratrorum,
714 1991 750 2054 in
779 1991 855 2055 loeo
881 1991 940 2055 ubi
967 1989 1165 2055 nominatur
1188 1989 1391 2072 Hallingas,

339 2107 417 2151 cum
431 2089 589 2153 omnibus
604 2090 735 2155 scilicet
750 2090 794 2154 ad
809 2110 885 2154 eam
899 2091 1151 2172 pertinentibus
1165 2091 1278 2167 rebus,
1288 2089 1394 2155 iuxta

339 2188 505 2253 terminos
520 2188 691 2272 indigenis
705 2191 926 2269 certissimos,
941 2211 1018 2254 cum
1033 2191 1176 2273 campis,
1186 2190 1295 2267 siluis,
1311 2209 1394 2273 pra·

338 2289 605 2371 tis,'paludibus,
619 2290 879 2372 piscationibus,
889 2291 1141 2368 uenationibuS,
1152 2289 1395 2372 aucupationi-

338 2388 415 2467 bna,
430 2389 576 2454 libenter
590 2379 773 2453 tenendam
787 2391 1096 2473 possidendamque
1118 2389 1280 2455 concedo.
1333 2390 1394 2454 Ita

340 2497 380 2553 ut
394 2490 556 2572 quicquid
570 2489 614 2554 de
629 2509 671 2553 ea
686 2509 789 2572 agere
803 2491 966 2567 uolueris,
985 2491 1128 2578 liberam
1148 2510 1211 2573 per
1223 2489 1339 2554 omnia
1354 2491 1393 2555 in

340 2597 506 2671 perpetuo
528 2597 737 2672 potestatem
764 2598 895 2656 teneas.
950 2589 1117 2672 Quisquis
1142 2591 1249 2672 igitur
1271 2590 1398 2656 haere·

340 2689 421 2752 dum
435 2709 740 2772 successorumque
756 2711 909 2755 meorum
931 2689 1020 2755 hanc
1039 2691 1259 2756 donationem
1277 2709 1393 2755 meam

339 2807 467 2870 augere
481 2797 586 2872 atque
599 2790 809 2873 amplificare
830 2792 991 2868 uoluerit,
1012 2791 1286 2856 habeatbeatam
1297 2810 1394 2855 com-

339 2889 534 2954 munionem
555 2891 592 2952 in
614 2892 788 2973 praesenti
813 2911 891 2955 cum
914 2891 1135 2973 diligentibus
1159 2890 1273 2968 deum,
1294 2899 1331 2955 et
1354 2892 1393 2956 in

341 2987 458 3053 futuro
494 2997 695 3072 perpetuam
727 3010 805 3054 oum
833 2991 991 3055 omnibus
1021 2992 1162 3056 sanctis.
1225 2990 1395 3074 Quisquis

342 3096 458 3152 autem
473 3089 637 3155 maliuola
660 3097 776 3155 mente
790 3091 833 3154 de
847 3091 908 3154 illa
926 3091 1107 3156 immutare
1126 3098 1188 3158 aut
1202 3091 1395 3157 inminuere

342 3189 575 3270 temptauerit,
591 3198 771 3273 separetur
784 3210 805 3254 a
820 3192 986 3255 societate
1008 3211 1079 3255 non
1095 3191 1207 3255 solum
1232 3199 1396 3257 aeternae

342 3287 518 3353 felicitatis
548 3291 699 3353 omnium
728 3281 937 3369 sanctorum,
965 3290 1025 3354 sed
1054 3290 1160 3355 etiam
1186 3292 1223 3354 in
1252 3298 1396 3358 aeterna

341 3408 454 3472 poena
464 3391 717 3454 cumscelerum
734 3410 875 3454 snorum
886 3390 1080 3454 crudelibus
1091 3391 1396 3474 comparticipibus

342 3490 389 3554 sit
403 3490 685 3571 condempnatus.
735 3487 787 3554 At
801 3510 884 3554 uero
896 3498 936 3554 ut
949 3489 1039 3554 hanc
1047 3489 1268 3555 donationem
1281 3512 1396 3556 meam

343 3589 492 3671 quilibet
502 3588 678 3653 hominum
693 3589 879 3672 aliquando
896 3611 965 3655 non
979 3591 1091 3672 possit
1110 3590 1244 3654 irritam
1265 3590 1392 3671 facere,

341 3703 448 3753 manu
471 3690 612 3771 propria
637 3689 774 3772 signum
802 3698 944 3756 sanctae
971 3690 1082 3754 crucis
1112 3691 1235 3755 subtus
1262 3691 1300 3755 in
1327 3693 1394 3758 hac

338 3789 474 3872 pagina
497 3789 611 3855 faeere
633 3791 764 3867 curaui,
785 3791 960 3872 testesque
982 3791 1161 3872 religiosos
1185 3797 1225 3855 ut
1245 3791 1396 3874 idipsum

343 3887 498 3954 facerent
511 3889 667 3955 adhibeo.
704 3887 861 3958 Adiectis
875 3891 1033 3956 denberis
1048 3891 1084 3954 in
1095 3910 1274 3954 commune
1290 3892 1396 3971 saltu,

345 3987 461 4069 Bixle,
475 3990 680 4072 Speldbirst,
697 3989 895 4071 Meredaen,
912 3989 993 4056 baer
1014 3993 1057 4056 be
1079 3991 1211 4069 etstan,
1225 4008 1244 4072 Ἰ
1263 3990 1396 4058 Rustc-

334 4089 479 4154 puellae
493 4107 512 4169 Ἰ
527 4090 673 4174 Teppan
687 4090 783 4174 hyse.

334 4223 339 4228 ·
399 4188 438 4268 ›1‹
466 4190 542 4272 Ego
579 4189 794 4273 Egcberhtus
829 4211 892 4255 rex
920 4191 1010 4258 hano
1039 4191 1260 4258 donationem
1289 4211 1312 4255 a
1339 4211 1396 4255 me
