3172 5030
315 417 360 487 28
574 435 746 484 cuinrnn
769 433 1111 483 rnnnosrxourcnn.

321 590 524 656 Coent'ritho
547 610 636 669 meo,
665 612 728 675 pro
758 591 908 656 remedio
946 590 1082 655 animae
1109 608 1206 655 meac
1239 609 1280 654 ac
1312 610 1375 673 pro

320 693 477 757 oratione
491 691 637 755 fratrum
653 692 689 756 in
705 693 978 775 Melduncsburg
992 691 1058 756 deo
1071 691 1307 768 seruientium,
1324 707 1375 754 xv

318 800 475 856 cassatos
506 812 613 875 prope
634 793 769 858 Tectan
793 793 1039 857 monasterium
1068 789 1229 856 Aldelmo
1258 791 1375 855 abbati

319 892 467 956 libenter
488 891 637 974 largitus
662 912 750 958 sum.
803 892 920 976 Siquis
940 913 1024 958 uero
1041 891 1132 956 banc
1154 891 1375 956 donationem

318 1011 448 1074 augere
462 999 497 1057 et
511 993 722 1075 amplificare
736 992 897 1072 uoluerit,
907 1000 1035 1075 augeat
1050 993 1135 1057 deus
1151 999 1285 1075 partem
1301 991 1375 1055 eius

320 1092 356 1154 in
371 1093 458 1158 libro
471 1090 587 1159 uitae:
613 1094 705 1176 quod
720 1094 750 1158 si
765 1094 856 1176 quis,
869 1095 1052 1178 tyrannica
1065 1099 1238 1176 potestate
1253 1091 1375 1169 fretus,

320 1192 456 1258 demere
483 1192 540 1256 uel
562 1192 697 1258 auferre
720 1195 901 1276 satagerit,
924 1195 1012 1260 sciat
1034 1213 1072 1258 se
1094 1212 1211 1258 coram
1235 1191 1376 1256 Christo

320 1312 513 1375 nouemque
537 1294 739 1376 angelorum
762 1295 940 1359 ordinibus
962 1295 998 1357 in
1021 1293 1199 1358 tremendo
1215 1291 1376 1356 examine

320 1393 489 1458 rationem
514 1393 739 1460 redditurum.
791 1394 930 1478 Scripta
951 1401 1004 1458 est
1027 1400 1143 1458 autem
1165 1393 1251 1456 baec
1276 1413 1375 1478 cyro-

321 1493 445 1577 graphi
464 1493 600 1558 cartula
622 1514 713 1560 anno
736 1496 781 1559 ab
803 1494 1041 1560 incarnatione
1063 1493 1193 1558 domiui
1206 1509 1375 1558 nonxxx.

317 1592 518 1658 indictione
540 1610 594 1658 rx.

378 1694 418 1773 ›1‹
439 1693 515 1775 Ego
532 1693 749 1773 Theodorus,
763 1695 878 1776 gratia
900 1694 956 1758 dei
979 1693 1270 1778 archiepiscopus,
1293 1714 1375 1759 con-

199 1839 203 1845 .
321 1793 469 1858 firmaui.
525 1795 564 1874 ›1‹
587 1794 664 1876 Ego
686 1795 852 1860 Saxulfus
875 1795 1058 1878 episcopus
1073 1794 1273 1877 subscripsi.
1330 1795 1370 1874 ›1‹

323 1894 400 1975 Ego
426 1894 531 1958 Boset
559 1894 741 1978 episcopus
764 1896 963 1980 subscripsi.
1019 1897 1059 1976 ᾧ
1080 1894 1225 1977 Signum
1253 1914 1375 1958 manus

322 1990 523 2058 Aetbelredi
551 1994 643 2077 regis
671 1994 895 2062 Merciorum.
964 1997 1002 2077 ›1‹
1031 1995 1176 2079 Signum
1205 1993 1376 2060 Censtitbi

321 2094 469 2160 comitis

768 2327 923 2394 XXIV.

360 2460 380 2505 *
406 2459 786 2527 CAEDUUEALHA
811 2462 875 2527 OF
899 2461 1117 2542 WESSEX,
1143 2461 1236 2546 Aug.
1259 2461 1336 2526 682.

380 2605 420 2684 ᾧ
442 2603 570 2668 Ouum
587 2622 676 2686 quae
699 2604 862 2668 uidentur
881 2604 1085 2688 temporalia
1108 2612 1202 2682 suut,
1226 2611 1262 2668 et
1285 2621 1375 2684 quae

322 2723 392 2767 uon
403 2703 564 2768 uidentur
575 2712 717 2769 aeterna
731 2711 833 2784 suut3
849 2705 973 2769 iccirco
985 2705 1176 2770 uisibilibus
1189 2703 1376 2768 inuisibilia

323 2810 359 2867 et
389 2803 526 2867 caducis
556 2805 720 2870 coelestia
747 2804 972 2888 praeferenda
997 2813 1091 2870 sunt.
1143 2805 1375 2885 Quamobrem

322 2923 388 2984 ego
404 2901 628 2982 Caeduualla‚
643 2912 811 2988 regnante
833 2905 972 2971 domino
985 2926 1061 2984 rex,
1083 2904 1222 2987 aliquod
1244 2903 1375 2968 emolu·

322 3010 476 3066 mentum
492 3006 657 3070 ccclesiae
673 3006 869 3089 impendere
883 3006 1038 3087 decreui3
1063 3006 1098 3069 id
1119 3014 1173 3070 est
1186 3012 1313 3069 terram
1329 3025 1373 3068 ex

322 3110 469 3185 utraque
491 3111 590 3187 parte
611 3106 720 3171 siluae
743 3126 832 3189 quae
855 3107 1051 3190 appellatur
1066 3105 1222 3183 Komele,
1244 3104 1375 3168 scilicet

324 3220 452 3268 xxxrr.
468 3213 634 3270 cassatos
673 3207 720 3271 Et
732 3207 783 3270 ita
798 3207 870 3271 fixa
888 3215 923 3273 et
937 3206 1121 3271 immobilis
1133 3205 1218 3270 baec
1233 3205 1374 3270 donatio

322 3311 519 3387 perseueret
533 3312 573 3368 ut
587 3306 704 3371 nullus
719 3306 784 3370 hoc
799 3307 975 3371 decretum
991 3306 1152 3388 frangere
1166 3313 1228 3371 ant
1240 3306 1376 3369 irritum

324 3403 437 3469 facere
462 3414 670 3489 praesumat.
722 3407 838 3490 Siquis
866 3427 963 3485 uero,
986 3409 1135 3490 superba
1155 3406 1297 3471 inflatus
1319 3413 1375 3490 ty·

322 3506 477 3583 rannide,
510 3505 599 3570 hanc
633 3507 852 3572 donationem
882 3508 1013 3572 uiolare
1041 3514 1104 3572 aut
1137 3506 1376 3590 praeuaricare

322 3607 555 3688 temptauerit,
579 3607 715 3671 nouerit
744 3627 781 3671 se
810 3608 846 3671 in
879 3607 1055 3673 tremendo
1082 3615 1283 3673 cunctorum
1313 3627 1375 3670 ex-

321 3707 445 3784 amine,
461 3726 576 3772 coram
598 3707 711 3772 iudice
732 3707 891 3772 uiuorum
914 3716 949 3773 et
970 3715 1184 3772 mortuorum
1207 3708 1375 3771 rationem

322 3807 544 3872 redditurum.
590 3808 728 3891 Scripta
746 3815 799 3872 est
812 3828 896 3872 uero
918 3808 1003 3873 haec
1024 3808 1159 3873 cartula
1182 3807 1376 3873 Indictione

322 3924 347 3983 1,
386 3927 503 3971 mense
537 3905 713 3991 Augusto,
749 3906 853 3973 Auno
892 3910 935 3972 ab
973 3909 1210 3975 incarnatione
1247 3907 1374 3972 domini

323 4024 521 4072 ncnxxxu.

378 4107 416 4187 ›1‹
445 4107 521 4189 Ego
552 4107 691 4172 Haeddi
718 4106 900 4192 episcopus
926 4109 1096 4174 consensi.
1164 4109 1204 4191 ›1‹
1231 4109 1376 4191 Signum

322 4225 446 4270 manus
472 4206 720 4272 Caeduu'allani
748 4210 850 4292 regis
907 4210 947 4289 ›1‹
977 4208 1122 4292 Signum
1144 4229 1267 4275 manus
1291 4208 1374 4273 Gisi.

328 4308 367 4388 ›1‹
389 4306 465 4390 Ego
481 4308 748 4392 Unynberchtus
763 4309 961 4393 subscripsi.
