3112 5032
299 379 366 446 156
555 394 728 444 cusnrnn
750 391 1091 442 succosuxourcnn.

299 555 344 619 tis
358 551 504 636 patriae,
520 558 556 614 ot
568 569 632 632 pro
646 548 836 613 stabilitate
851 547 949 629 regni
963 545 1043 623 mei,
1058 545 1148 610 hanc
1158 545 1356 609 donationis

300 661 428 718 terram
443 649 635 715 concedens
648 649 784 713 donabo
799 649 845 712 ad
859 646 1061 711 aecclesiam
1081 665 1186 728 saepe
1200 644 1357 708 nomina-

301 761 373 816 tam
396 753 519 815 beatae
535 749 671 814 Mariae
691 749 812 812 matris
835 746 975 811 domini.
1020 745 1124 810 Nunc
1148 765 1245 827 ergo,
1268 745 1358 809 sicut

300 852 455 934 promisi,
485 851 626 914 testium
651 854 686 913 et
710 847 997 912 consentientium
1021 846 1123 928 signa
1147 853 1183 910 ct
1204 844 1355 922 nomina,

300 957 364 1034 pro
380 951 509 1014 maiore
523 948 724 1015 stabilitatis
746 947 861 1029 gratia
875 947 910 1009 in
925 951 1128 1028 perpetuum
1146 963 1358 1009 conseruan-

303 1052 385 1116 dum
400 1049 591 1115 conscribo.

307 1158 310 1165 ·
359 1154 399 1233 ‚14
415 1150 490 1232 Ego
511 1147 602 1223 Offa,
616 1145 671 1209 dei
695 1145 809 1227 gratia
830 1141 1038 1207 concedente
1055 1141 1266 1207 Marciorum
1281 1164 1357 1222 rex,

303 1251 370 1313 mei
392 1250 489 1313 ducis
513 1245 748 1331 postulatione
770 1250 926 1326 rogatus,
949 1241 1028 1306 huic
1050 1241 1230 1307 donationi
1256 1263 1357 1326 prae-

303 1350 454 1431 scriptae
489 1346 660 1422 consensi,
692 1351 727 1409 et
760 1344 926 1408 uexillum
959 1343 1212 1406 sacratissimae
1244 1345 1358 1408 crucis

303 1447 435 1512 Christi
458 1468 522 1530 pro
549 1445 785 1510 admunitione
806 1442 1001 1506 firmissima
1023 1442 1269 1507 subscribendo
1291 1444 1357 1506 im·

300 1548 423 1630 pressi.
479 1550 519 1629 »14
538 1546 615 1628 Ego
644 1543 821 1609 Uhtredus
855 1541 1061 1622 subregulus
1096 1561 1207 1606 meam
1245 1543 1354 1607 dona-

301 1648 432 1711 tionem
454 1647 555 1728 signo
576 1652 719 1709 sanctae
741 1642 852 1707 crucis
877 1642 1073 1705 corroboro.
1130 1644 1169 1723 »14
1187 1642 1263 1723 Ego
1290 1641 1355 1706 Al-

301 1747 440 1824 dredus,
463 1745 572 1810 trater
595 1742 743 1809 Uhtredi
765 1749 870 1823 atque
893 1741 1100 1822 subregulus
1115 1740 1355 1821 Huicciorum,

302 1846 462 1910 consensi
497 1853 533 1910 et
561 1842 761 1925 subscripsi.
818 1844 858 1923 »14
875 1841 952 1922 Ego
984 1839 1178 1904 Mildredus
1205 1843 1356 1924 supplex

303 1947 485 2027 episcopus
508 1943 588 2006 hnic
601 1929 781 2006 donationi
802 1940 938 2021 signum
959 1940 1115 2004 mirabile
1130 1942 1253 2004 beatae
1276 1961 1355 2006 cru-

302 2046 352 2108 cis
366 2044 476 2108 infixi.
533 2045 573 2124 »14
587 2042 664 2123 Ego
675 2040 869 2104 Eadbertus
884 2040 1066 2121 episcopus
1081 2041 1252 2104 consensi.
1309 2043 1350 2124 »14

300 2142 445 2226 Signum
474 2160 597 2206 manns
627 2141 742 2204 Eatan
765 2139 944 2222 principis.
1000 2142 1039 2221 »14
1058 2138 1204 2220 Signum
1226 2158 1350 2205 manus

299 2243 385 2306 Esni
412 2241 519 2306 ducis.
589 2243 628 2322 »14
648 2239 793 2320 Signum
821 2257 945 2301 manus
981 2238 1140 2302 Brordan
1170 2240 1348 2324 principis.

303 2343 343 2425 »14
357 2342 502 2423 Signum
517 2359 639 2404 manus
656 2337 856 2402 Eamberhti
878 2337 987 2402 ducis..
1044 2341 1084 2420 »14
1106 2339 1249 2418 Signum
1274 2360 1348 2406 ma-

263 2499 270 2509 .
297 2461 363 2507 nus
390 2439 619 2506 Berbtuualdi
644 2438 821 2521 principis.
878 2441 917 2520 »14
932 2437 1078 2520 Signum
1108 2437 1231 2504 manus
1256 2439 1348 2505 Ead-

301 2541 394 2605 baldi
409 2541 519 2606 ducis.

733 2829 927 2895 CXXIX.

459 2979 481 3023 *i
507 2978 639 3045 OFFA
663 2978 728 3043 OF
751 2977 961 3056 MERCIA,
982 2979 1174 3045 765-775.

356 3127 395 3209 »14
413 3126 458 3190 ln
471 3126 652 3210 principio,
666 3125 856 3189 secundum
873 3124 1062 3204 Geneseos,
1077 3125 1160 3190 fecit
1173 3126 1259 3190 deus
1272 3109 1349 3192 coeL

296 3226 369 3290 lum
393 3234 429 3291 et
452 3234 591 3302 terram,
614 3226 747 3288 coelum
770 3224 930 3288 uidelicet
952 3226 1039 3289 coeli
1060 3225 1200 3290 domino
1221 3229 1349 3292 consti-

297 3334 411 3404 tuens,
434 3332 561 3390 terram
583 3331 698 3388 autem
722 3323 817 3388 dedit
838 3322 964 3402 Adam,
987 3325 1030 3388 de
1052 3344 1122 3407 qua
1143 3325 1256 3391 iactus
1285 3335 1350 3405 est,

296 3427 489 3507 iterumque
511 3425 548 3488 in
575 3443 652 3502 eam
677 3441 850 3500 reuersus,
872 3425 981 3507 ipsius
1005 3424 1222 3490 fabricatoris
1251 3428 1349 3491 testi-

297 3526 412 3589 monio
427 3531 537 3608 patet,
553 3523 597 3587 ad
618 3543 697 3588 eum
710 3522 881 3587 dicentis:
905 3524 1015 3588 Terra
1036 3544 1085 3598 es,
1106 3525 1200 3590 etin
1221 3533 1349 3591 terram

295 3624 381 3704 ibis;
404 3624 520 3707 puluis
534 3641 584 3701 es,
599 3630 634 3687 ct
648 3624 684 3686 in
699 3623 876 3704 puluerem
902 3625 1096 3688 reuerteris.
1147 3625 1346 3708 Diuisitquo

296 3725 424 3788 terram
438 3724 474 3788 in
488 3723 578 3787 filios
593 3741 635 3786 ac
652 3729 796 3805 nepotes
810 3741 939 3800 eorum,
954 3743 1016 3806 per
1030 3725 1212 3789 innumera
1226 3743 1346 3790 saecu·

297 3823 408 3887 lorum
429 3821 609 3887 latercula.
662 3822 861 3886 Nouissime
876 3842 1013 3906 quoque
1032 3824 1143 3900 nobis,
1158 3825 1347 3889 secundum

296 3923 504 4004 apostolum,
524 3924 562 3986 in
584 3941 671 4004 quos
691 3923 776 3984 fines
799 3924 1014 3987 saeculorum
1037 3923 1262 4002 deuenerunt,
1282 3925 1345 3990 ali-

297 4039 400 4104 quam
418 4023 611 4104 portionem
626 4021 811 4104 regendam
832 4041 897 4086 sua
916 4022 1231 4105 praedestinatione
1253 4043 1346 4088 com-

296 4122 484 4186 mendauit.
546 4120 627 4200 Qua
655 4129 796 4204 propter
824 4142 889 4205 ego
922 4122 1001 4188 Offa
1032 4143 1095 4188 rex
1124 4123 1345 4208 Marciorum,
