3188 5032
471 467 643 516 cursurus
665 465 1006 514 nuenosnxourcnn.
1192 450 1266 518 ι121

214 611 321 695 gestis
345 610 561 675 consentiens
581 609 780 691 subscripsi.
837 612 876 690 ›1‹
899 608 976 690 Ego
1007 608 1134 675 Bercul
1158 609 1267 692 patri-

213 713 287 776 cius
312 711 365 774 his
390 710 488 774 donis
517 711 733 774 consentiens
758 709 957 792 subscripsi.
1024 712 1063 790 ›1‹
1086 709 1163 791 Ego
1189 710 1266 773 Fri-

213 812 350 877 othuric
377 811 595 876 consentiens
625 809 824 894 subscripsi.
906 812 945 890 ›1‹
979 809 1056 891 Ego
1085 810 1184 894 Eopa
1214 810 1267 873 his

141 967 144 971 .
214 911 356 976 statutis
369 910 584 975 consentiens
600 909 798 993 subscripsi.
856 914 895 992 ›1‹
916 909 993 991 Ego
1010 909 1167 974 Eadbald
1186 912 1267 974 sub-

129 1007 132 1011 ’
214 1012 347 1095 scripsi.
397 1014 436 1092 ›1‹
452 1009 528 1092 Ego
546 1010 734 1093 Byrnhelm
750 1009 948 1093 subscripsi.
997 1009 1268 1092 ›14EgoMocca

213 1111 411 1194 subscripsi.
482 1113 521 1191 ›1‹
552 1110 629 1191 Ego
655 1109 818 1175 Aldceorl
842 1109 1043 1192 subscripsi.
1118 1112 1157 1190 ›1‹
1190 1111 1266 1193 Ego

216 1210 392 1277 Alhmund
407 1211 605 1293 subscripsi.

266 1312 383 1376 Huius
410 1310 571 1374 scedulae
607 1310 749 1393 scriptio
787 1309 979 1374 dominicae
1015 1309 1266 1374 incarnationis

215 1433 307 1477 anno
331 1426 547 1475 uccxnvnu.
574 1411 760 1474 indictione
788 1410 939 1474 secunda
962 1412 1005 1481 in¹
1025 1411 1102 1474 loco
1133 1410 1267 1472 celebre

215 1515 311 1577 cuius
336 1511 543 1576 uocabulum
569 1509 962 1576 estGodmundeslaech
980 1527 1146 1576 .xxx111.
1171 1529 1263 1574 anno

216 1611 434 1678 Aethelbaldi
448 1611 540 1694 regis
553 1618 694 1694 peracta
708 1618 773 1675 est.
808 1675 811 1682 .

721 1915 762 1981 C.

408 2131 411 2136 .
461 2063 803 2145 AETHILBALD,
825 2065 1016 2131 755-757.

269 2261 276 2276 .
296 2212 570 2278 ...dubitanter
591 2215 755 2279 conuenit
780 2215 821 2278 de
849 2214 902 2278 bis
919 2236 941 2298 q
960 2261 1154 2280 ........
1171 2233 1264 2278 com-

217 2313 423 2377 municando
443 2315 641 2378 tribuerem
657 2362 851 2380 ........
867 2317 943 2379 ibus
968 2323 1067 2380 tanto
1084 2315 1184 2398 plura
1206 2334 1263 2377 co·

217 2415 299 2479 tidie
316 2461 510 2478 ........
527 2433 548 2478 a
562 2415 627 2477 deo
641 2422 779 2480 constat
794 2416 968 2497 accepisse
981 2461 1175 2480 ........
1186 2421 1264 2496 pter

218 2534 282 2597 ego
299 2513 428 2579 aethilb
446 2562 453 2576 .
473 2562 481 2579 .
500 2562 507 2577 .
526 2560 534 2578 .
550 2534 621 2578 non
641 2515 751 2578 solum
774 2516 997 2578 mercensium
1024 2515 1084 2579 scd
1104 2515 1208 2578 etiam
1228 2513 1264 2576 in

216 2615 360 2680 circuitu
382 2614 585 2696 populorum
609 2615 733 2697 quibus
756 2634 810 2677 me
831 2613 950 2677 diuina
963 2614 1175 2696 dispensatio
1190 2614 1264 2676 sine

215 2716 414 2780 meritorum
428 2714 593 2797 suffragio
610 2732 749 2822 preesse
774 2714 884 2778 uoluit
907 2715 1096 2779 uenerabili
1110 2732 1210 2777 seruo
1228 2712 1264 2777 di

217 2814 440 2880 eanberhttae
451 2815 569 2879 abbati
580 2834 701 2898 agrum
718 2832 763 2879 .x
776 2863 784 2878 .
799 2822 1013 2879 cassatorum
1026 2816 1062 2879 in
1076 2814 1264 2879 dominium

217 2913 275 3002 xpi
290 2915 456 3010 ecclesiae
475 2935 538 2997 pro
554 2915 786 2997 redemptione
801 2914 937 2979 animae
950 2934 1058 2980 meae.
1075 2922 1110 2979 et
1124 2934 1186 2997 pro
1202 2933 1263 2977 ex·

216 3016 368 3097 piatione
382 3014 573 3078 facinorum
588 3035 740 3078 meorum
754 3015 900 3080 libenter
914 3016 1105 3080 concedens
1121 3015 1263 3095 largior.

215 3124 270 3180 est
286 3122 401 3182 autem
415 3123 510 3179 terra
522 3115 593 3179 illa.
609 3115 709 3178 iuxta
731 3116 854 3179 siluam
870 3136 973 3198 quem
989 3117 1110 3180 dicunt
1124 3122 1264 3179 toccan-

124 3251 127 3260 .
217 3234 354 3297 sceaga.
368 3215 500 3279 habens
523 3215 559 3278 in
581 3216 738 3296 proximo
754 3217 923 3280 tumulum
938 3217 997 3299 qui
1020 3216 1124 3280 habet
1139 3233 1265 3281 nomen

217 3316 429 3397 readabeorg
451 3334 554 3396 quem
576 3316 679 3378 etiam
703 3335 825 3398 agrum
848 3336 927 3381 cum
949 3316 1046 3381 siluis
1069 3323 1105 3380 et
1134 3314 1265 3396 prateis

216 3423 252 3480 et
276 3415 402 3480 omnib:
431 3413 475 3480 ad
500 3435 577 3480 eum
596 3417 848 3497 pertinentibus
868 3416 1053 3480 commodis
1076 3434 1182 3497 supra
1204 3434 1267 3477 no-

218 3516 349 3580 minato
370 3535 472 3580 seruo
494 3513 530 3580 di
545 3563 553 3579 .
568 3515 717 3598 benigno
737 3517 852 3579 animo
868 3516 1019 3579 concedo
1033 3516 1076 3582 ¹si
1090 3516 1167 3598 quis
1185 3533 1269 3579 uero

217 3615 306 3680 hanc
329 3616 550 3680 donationem
570 3616 701 3680 uiolare
724 3616 946 3698 temptauerit
962 3616 1071 3679 .sciat
1094 3635 1132 3678 se
1145 3615 1181 3677 in
1197 3621 1268 3678 tre-

217 3717 342 3780 mendo
374 3716 533 3780 examine
563 3717 670 3781 totius
704 3716 822 3779 mundi
844 3714 888 3780 do
904 3716 1143 3780 uniuersorum
1164 3713 1269 3777 iudici

218 3816 417 3885 terribiliter
430 3818 597 3881 rationem
612 3816 789 3880 redditurii

274 3919 313 3997 ›1‹
328 3937 394 3998 ego
410 3915 597 3980 aethilbald
620 3937 683 3980 rex
708 3916 883 3999 propriam
900 3915 1086 3980 donationis
1106 3933 1169 3996 pro
1197 3910 1266 4000 xpo

219 4015 312 4080 facts
324 4018 429 4099 signo
444 4017 699 4082 sacratissimae
715 4018 826 4081 crucis
842 4016 985 4079 firmabo

261 4118 314 4196 ›1‹
333 4136 399 4198 ego
430 4116 554 4199 cynuls
579 4136 642 4181 rex
669 4125 954 4182 uuestsaxsorum
983 4113 1205 4179 consenciens
1232 4119 1268 4182 et

205 4217 397 4280 ¹subscribo
