3172 5030
220 961 530 1050 CHARTAE
589 968 1201 1055 ANGLOSAXONICAE.

631 1229 811 1241 ..ι-ι-

703 1373 733 1437 Ι.

224 1525 592 1598 AETHILBERHT
616 1530 680 1596 OF
705 1531 856 1612 KENT,
880 1530 982 1616 April
995 1529 1091 1609 28th,
1107 1523 1196 1594 604.ι

236 1679 275 1760 *1⁴
300 1688 506 1754 acaunum
535 1690 572 1753 in
600 1699 803 1774 perpetuum
834 1690 972 1754 domiuo
1004 1697 1123 1753 nostro
1157 1688 1238 1752 Iesu

185 1785 324 1854 Christo
354 1790 549 1855 saluatore!
602 1791 726 1856 Mense
748 1790 896 1874 Aprilio,
925 1791 989 1854 sub
1017 1790 1073 1854 die
1099 1807 1156 1852 1111
1189 1789 1241 1856 lrl.¹

185 1889 313 1967 Maias»,
348 1891 536 1956 indictione
566 1909 630 1970 vn,
666 1894 743 1974 Ego
771 1891 1032 1956 Aethilberhtus
1067 1911 1131 1955 rex
1167 1890 1238 1956 filio

184 2010 263 2055 meo
286 1989 465 2056 Eadbaldo
491 1993 760 2058 admonitionem
785 1993 975 2057 catholicae
999 1992 1079 2056 fidei
1102 1992 1238 2074 optabi·

185 2091 271 2155 lem.·
317 2089 429 2156 Nobis
451 2100 505 2157 est
524 2101 643 2176 aptum
664 2115 799 2177 semper
819 2094 990 2177 inquirere
1009 2092 1157 2176 qualiter
1177 2112 1240 2174 per

184 2191 262 2256 loca
293 2200 504 2272 sanctorum,
530 2215 593 2277 pro
624 2197 759 2261 animae
785 2195 936 2260 remedio
963 2195 1019 2259 uel
1049 2193 1238 2258 stabilitate

184 2293 308 2357 salutis
334 2303 485 2372 nostrae,
507 2296 638 2379 aliquid
659 2298 703 2362 de
723 2297 881 2380 portione
906 2304 1018 2360 terrae
1041 2302 1182 2359 nostrae
1202 2296 1238 2357 in

184 2393 346 2458 subsidiis
375 2414 552 2460 seruorum
579 2397 646 2475 dei,
665 2397 890 2462 deuotissima
918 2396 1110 2472 uoluntate,
1135 2394 1237 2458 debe-

183 2514 282 2566 amus
313 2495 445 2560 offerre.
491 2496 644 2581 Ideoque
670 2499 732 2562 tibi
763 2503 883 2562 sancte
906 2495 1059 2573 Andrea,
1088 2502 1237 2577 tuaeque

185 2596 351 2660 ecclesiae
376 2617 465 2679 quae
495 2606 548 2662 est
574 2599 764 2664 constituta
790 2598 828 2661 in
856 2597 997 2662 ciuitate
1025 2595 1236 2674 Hrofibreui‚

184 2697 243 2760 ubi
268 2689 427 2779 praeesse
449 2698 587 2763 uidetur
610 2698 729 2764 Iustus
747 2698 940 2781 episcopua,
954 2697 1054 2762 trado
1078 2697 1235 2780 aliquan-

183 2798 295 2861 tulum
313 2798 446 2863 telluris
466 2800 543 2864 mei.
596 2799 667 2864 Hic
682 2808 736 2866 est
749 2800 915 2865 terminus
937 2799 1004 2862 mei
1023 2798 1123 2862 doni:
1147 2797 1236 2862 fram

184 2895 348 2980 sridgeate
374 2908 473 2977 west,
501 2901 692 2984 andlanges
718 2901 869 2977 wealles,
899 2897 940 2964 od
976 2898 1165 2963 nortlanau
1200 2898 1234 2962 td

185 2999 302 3064 strate
315 3015 357 3078 ;]
377 3001 446 3064 swa
470 3002 543 3066 east
563 3002 651 3067 t'ram
666 3001 780 3067 struite
793 3000 834 3066 od
858 2999 1158 3084 doddinghyrnan,
1174 3020 1236 3064 on-

184 3119 275 3180 gean
288 3099 464 3182 bridgeat.
491 3102 607 3186 Siquis
622 3124 705 3168 uero
720 3122 847 3184 augere
860 3102 1010 3166 uoluerit
1023 3100 1113 3165 hanc
1125 3102 1237 3184 ipsam

183 3200 421 3279 donacionem,
450 3212 577 3285 augeat
603 3205 655 3268 illi
683 3203 841 3268 dominus
865 3202 938 3266 dies
963 3203 1084 3266 bonos,
1138 3203 1183 3267 Et
1206 3204 1236 3266 si

182 3303 452 3384 praesumpserit
472 3304 625 3369 minuere
644 3313 705 3369 aut
724 3303 970 3381 contradicere,
992 3303 1029 3367 in
1049 3311 1236 3386 conspectu

182 3402 238 3466 dei
261 3403 308 3466 sit
328 3403 512 3469 damnatus
533 3413 569 3469 et
590 3413 789 3471 sanctorum
803 3405 889 3482 eius,
904 3401 959 3467 hic
981 3412 1017 3468 et
1037 3404 1075 3467 in
1094 3411 1235 3467 aeterna

182 3503 333 3581 saecula,
360 3505 427 3568 nisi
456 3507 690 3572 emendauerit
717 3514 799 3571 ante
827 3506 901 3569 eius
925 3505 1110 3568 transitum
1141 3503 1234 3585 quod

181 3603 299 3687 inique
322 3605 431 3687 gessit
461 3614 584 3671 contra
608 3606 894 3672 christianitatem
924 3613 1089 3669 nostram.
1142 3602 1234 3681 Hoc,

182 3723 259 3768 cum
283 3706 426 3771 consilio
442 3706 625 3772 Laurencii
647 3708 800 3791 episcopi
815 3715 851 3771 et
865 3706 1017 3772 omnium
1039 3704 1233 3786 principum

182 3825 348 3884 meorum,
362 3807 462 3889 signo
477 3816 618 3875 sanctae
640 3809 750 3873 crucis
771 3806 984 3884 confirmaui,
999 3824 1126 3887 eosque
1148 3805 1234 3870 iussi

183 3912 228 3970 ut‘
238 3927 371 3972 mecum
383 3908 474 3974 idem
488 3908 654 3974 facerent.
706 3908 831 3975 Amen.

128 4201 133 4208 ·
218 4164 302 4218 ¹This
325 4169 424 4219 chartei
444 4169 467 4218 is
489 4169 593 4218 omitted
614 4169 640 4216 in
659 4167 701 4217 the
721 4169 789 4218 Lists
807 4167 836 4217 of
852 4167 1001 4219 Donationis.
1035 4167 1235 4218 lnevertheless

182 4252 225 4288 see
237 4253 269 4287 no
279 4254 369 4290 reason
380 4245 405 4292 to
416 4241 495 4290 doubt
506 4241 540 4291 its
550 4239 725 4302 authenticity.

1064 4331 1084 4377 B
