3172 5030
318 399 365 464 la
576 413 747 464 curaris
771 411 1112 462 lucnoslxourosn.

318 574 486 639 rationem
518 572 741 637 redditurum.
794 569 922 636 Actum
947 571 1083 654 publice
1116 571 1216 635 iuxta
1247 571 1373 634 flumen

318 674 455 740 Bladon
479 676 554 738 vu⁰.
579 673 805 738 kalendarum
829 671 1059 756 Septembris,
1083 670 1188 737 Anno
1210 673 1371 736 incarna-

318 775 424 840 tionis
440 773 570 839 Christi
585 776 775 838 nanxxv0.

375 877 413 957 ›1‹
432 876 508 960 Ego
521 874 727 939 Leutherius
743 893 783 938 ac
799 874 831 938 si
841 873 1004 956 indignus
1020 875 1214 958 episcopus,
1229 880 1373 956 rogatus

318 976 527 1054 asratribus,
544 975 631 1040 hanc
642 973 844 1040 donacionis
855 981 988 1040 cartam
1001 975 1200 1058 subscripsi.
1236 976 1275 1056 ›1‹
1295 974 1372 1056 Ego

320 1076 564 1142 Cunuberhtus
579 1077 686 1141 abbas
701 1075 902 1158 subscripsi.
960 1077 998 1157 ›1‹
1016 1075 1093 1158 Ego
1110 1074 1249 1139 Haeddi
1264 1075 1371 1140 abbas

319 1177 518 1260 subscripsi.
574 1177 614 1259 ›1‹
634 1178 710 1259 Ego
727 1176 976 1260 Wymberhtus
991 1177 1159 1259 presbiter
1172 1175 1371 1258 subscripsi.

324 1279 364 1360 ›1‹
383 1279 460 1361 Ego
489 1277 600 1344 Hiddi
625 1277 796 1362 presbiter
819 1276 1021 1361 subscripsi.
1079 1278 1118 1358 ›1‹
1147 1277 1224 1359 Ego
1246 1275 1377 1341 Hodda

319 1379 517 1464 subscripsi.

782 1495 906 1508 Μ

798 1579 895 1644 x11.

373 1699 521 1795 ossio
547 1725 611 1794 os
635 1729 739 1796 run
763 1727 1008 1808 uwrccus,
1033 1727 1126 1796 Nov.
1149 1729 1222 1810 etr,
1244 1729 1322 1796 oro.

377 1880 417 1962 ›1‹
435 1879 640 1945 Racuuuru
655 1899 695 1944 ac
712 1881 926 1962 gubernante
941 1879 1131 1962 regimonio
1146 1882 1245 1964 regni
1261 1881 1374 1946 Osrici

321 1983 425 2064 regia,
449 2001 541 2046 anno
565 1981 859 2064 recapitulationis
876 1981 1050 2063 Dionysii,
1063 1980 1097 2045 id
1118 1989 1172 2046 est
1195 1983 1238 2046 ab
1260 1982 1373 2047 incar-

321 2083 461 2147 natione
483 2081 613 2147 domini
635 2081 744 2147 nostri
760 2081 842 2146 Iesu
857 2081 1000 2159 Christi,
1022 2083 1273 2148 sexcentesimo
1295 2103 1378 2167 sep·-

321 2184 513 2266 tuagesimo
528 2190 641 2260 sexto,
657 2182 844 2248 indictione
864 2189 1001 2265 quarta,
1017 2202 1134 2247 mense
1152 2181 1373 2263 Nouembris,

320 2286 411 2354 v.111⁰.
427 2285 504 2348 idus
521 2282 742 2349 Nouembris.
787 2283 876 2348 Cum
890 2283 989 2348 nobis
1004 2284 1206 2366 euangelica
1219 2293 1255 2350 et
1269 2304 1372 2369 apos-

320 2385 426 2458 tolica
451 2384 617 2467 dogmata
636 2391 717 2467 post
739 2384 904 2468 baptismi
926 2393 1192 2463 sacramentum,
1213 2384 1279 2451 deo
1301 2385 1373 2450 suf-

319 2485 491 2569 fragante,
513 2484 660 2550 fuissent
681 2484 808 2564 delata,
824 2493 860 2551 et
884 2485 999 2550 omnia
1023 2485 1284 2551 simulacrorum
1307 2487 1372 2569 fig-

320 2595 439 2652 menta
452 2586 638 2652 ridicrdosa
656 2584 810 2652 funditus
824 2586 951 2664 diruta,
965 2593 1039 2650 tum
1053 2587 1210 2668 primitus
1225 2587 1270 2651 ad
1287 2607 1372 2670 aug-

320 2696 474 2754 mentum
500 2686 691 2753 eatholicae
722 2696 758 2752 et
783 2686 998 2752 orthodoxae
1027 2686 1108 2752 fidei
1141 2689 1374 2771 pontificalem

320 2789 504 2854 dumtaxat
525 2787 724 2854 cathedram
760 2789 943 2870 erigentes
977 2789 1078 2852 iuxta
1104 2789 1285 2874 synodalia
1313 2790 1381 2854 de*

320 2897 416 2954 creta
429 2896 628 2953 construere
642 2889 848 2953 censuimus.
900 2886 951 2953 At
963 2906 1046 2952 uero
1061 2906 1152 2952 nunc
1167 2908 1245 2953 cum
1259 2891 1373 2972 gratia

320 3009 470 3074 superna
499 2989 603 3071 longe
624 2990 762 3071 lateque
796 2988 980 3072 profusius.
1002 2989 1217 3068 enitesceret,
1247 3011 1372 3056 coeno-

319 3091 425 3156 bialia
457 3090 562 3154 etiam
590 3090 668 3154 loca
695 3091 842 3174 sparsim
870 3090 1033 3168 uirorum,
1056 3090 1270 3173 sparsimque
1301 3092 1372 3156 uir·

320 3193 439 3275 ginum
468 3192 533 3255 deo
556 3190 813 3268 famulancium,
841 3189 1005 3272 erigenda
1032 3191 1229 3270 statuimus,
1251 3200 1291 3256 ut
1313 3193 1373 3256 ubi

320 3293 535 3360 truculentus
564 3299 600 3356 et
628 3290 795 3355 nefandus
819 3292 914 3374 prius
942 3291 1046 3356 draco
1068 3311 1222 3356 errorum
1248 3293 1372 3377 decep·

319 3395 470 3459 tionibus
492 3393 676 3468 seruiebat,
699 3411 790 3456 nunc
805 3411 907 3456 uersa
921 3392 997 3456 uice
1016 3393 1267 3458 ecclesiasticus
1287 3394 1372 3458 ordo

319 3496 356 3562 in
378 3495 470 3559 clero
492 3493 770 3558 conuersantium
793 3493 931 3558 domino
954 3494 1194 3575 patrocinante
1215 3495 1371 3576 gaudens

320 3595 503 3679 tripudiet:
534 3593 766 3673 Quamobrem
792 3613 857 3677 ego
883 3593 1102 3677 supradictus
1128 3594 1270 3659 Osrieus
1297 3615 1371 3672 rex,

320 3716 384 3780 pro
407 3695 555 3760 remedio
579 3695 715 3760 animae
739 3714 835 3760 meae
861 3702 896 3759 et
915 3695 1133 3776 indulgentia
1157 3696 1370 3778 piaculorum

320 3816 487 3874 meorum,
502 3795 567 3860 hoc
581 3796 800 3879 priuilegium
809 3795 1005 3879 impendere
1019 3795 1063 3859 ad
1077 3795 1214 3861 laudem
1223 3798 1370 3861 nominis

320 3898 450 3961 domini
465 3896 574 3961 nostri
594 3896 831 3961 decreueram:
858 3895 892 3959 id
909 3904 962 3962 est
975 3896 1148 3961 Bertanae
1163 3898 1369 3976 abbatissae,

322 4011 411 4080 quae
444 4018 507 4081 pro
534 3997 723 4063 christiana
750 3996 934 4061 deuotione
964 4001 1000 4061 et
1030 4017 1093 4079 pro
1122 4016 1184 4081 spe
1208 4007 1369 4064 aeternae

320 4097 541 4162 beatitudinis
571 4098 627 4162 dei
654 4098 818 4162 famulam
846 4117 883 4162 se
911 4098 1104 4180 profitetur,
1132 4106 1271 4163 centum
1296 4119 1375 4164 ma··

321 4206 454 4276 nenteS,
469 4198 528 4281 qui
541 4197 699 4264 adiacent
721 4198 855 4264 ciuitati
869 4216 958 4280 quae
981 4207 1127 4265 uocatur
1149 4198 1224 4264 Hst
1242 4201 1369 4280 Bathu,
