3188 5032
497 451 670 500 11111111
691 451 1033 501 11111111111111.
1244 438 1287 502 71

234 609 327 676 beati
339 610 516 674 Benedicti
529 610 640 693 possit
652 609 889 683 instaurariet
901 610 1135 675 indesinenter
1144 609 1284 674 Christo

235 710 405 774 famrdari.
457 709 514 774 Ad
530 711 694 775 maiorem
716 718 832 775 autem
854 719 993 776 nostrae
1012 711 1211 776 donationis
1226 711 1283 773 fir-

237 810 450 886 mitudinem,
465 811 502 874 in
516 811 676 875 notitiam
691 818 763 875 tam
776 812 1008 893 praesentium
1021 831 1125 894 quam
1146 811 1183 873 in
1202 830 1284 893 pos·

235 917 347 973 terum
368 910 624 975 succedentium
648 897 767 975 uenire
791 910 963 988 uolumus,
978 912 1101 993 quibus
1117 911 1283 974 limitibus

235 1028 333 1072 sacer
346 1010 443 1074 locus
458 1029 561 1091 quem
581 1011 697 1092 regiae
718 1009 872 1074 libertati
885 1010 1051 1075 donatum
1072 1011 1137 1074 deo
1160 1017 1283 1075 contu-

237 1108 351 1185 limus,
368 1110 617 1193 circumseptus
630 1109 828 1187 includitur,
843 1117 909 1174 etc.

287 1208 457 1273 Uolumus
479 1210 621 1292 insuper
655 1229 696 1274 11
730 1210 945 1273 decernimus
977 1209 1014 1272 in
1047 1209 1186 1273 nomine
1216 1209 1279 1273 do·

234 1308 331 1386 mini,
348 1297 476 1373 terram
498 1311 650 1392 quinque
671 1317 886 1374 cassatorum
901 1327 990 1392 quae
1005 1308 1170 1374 Mortona
1192 1327 1281 1371 nun-

236 1415 394 1490 cupatur,
409 1408 527 1472 eadem
542 1411 702 1474 libertate
715 1410 956 1492 inperpetuum
977 1409 1148 1490 gaudere:
1178 1427 1282 1490 quam

234 1507 372 1589 quidem
399 1515 526 1573 terram
556 1529 620 1592 ego
648 1508 831 1573 Kcnredus
860 1530 924 1573 rex
954 1509 1163 1574 Meroiorum
1189 1527 1282 1573 anno

234 1607 425 1673 dominicae
446 1610 695 1675 incarnationis
720 1612 811 1673 ooo⁰.
828 1611 894 1676 111⁰.
918 1629 997 1674 cum
1018 1610 1087 1673 iam
1111 1628 1182 1673 una
1204 1626 1282 1671 cnm

235 1710 424 1773 uenerabili
437 1710 515 1774 niro
529 1709 710 1792 Ecguuino
723 1711 886 1793 episcopo
906 1711 1141 1792 apostolorum
1163 1709 1283 1772 limina

235 1808 377 1872 uisitare
399 1809 627 1894 disponerem,
654 1811 745 1874 inter
768 1810 938 1893 quaedam
969 1809 1038 1872 alia
1065 1809 1210 1874 donaria
1237 1807 1282 1871 ad

235 1907 399 1995 fabricam
424 1911 625 1974 monasterii
647 1910 870 1975 construendi
893 1911 931 1973 in
953 1907 1105 1973 Homme
1127 1909 1283 1973 concessi

235 2007 356 2086 eidem,
378 2016 414 2073 et
442 2011 506 2073 sub
529 2009 727 2074 testimonio
751 2010 902 2092 plurium
926 2016 1107 2092 potentum
1129 2026 1283 2073 meorum

234 2109 364 2191 scripto
374 2109 587 2174 confirmaui.
613 2109 806 2174 Statuimns
819 2111 927 2192 igitur
938 2110 976 2173 in
991 2109 1128 2174 nomine
1141 2108 1282 2185 domini,

234 2215 270 2272 et
299 2210 335 2272 in
358 2209 487 2273 uirtute
510 2210 566 2273 dei
588 2209 712 2272 summi
734 2208 964 2292 praecipimus
986 2217 1057 2273 tam
1085 2209 1283 2273 uiuentibus

235 2327 339 2390 quam
352 2308 482 2372 domini
503 2308 817 2393 praedestinatione
840 2310 938 2373 nobis
954 2310 990 2372 in
1006 2315 1182 2393 posterum
1205 2327 1283 2374 suc·

235 2407 446 2486 cedentibus
460 2416 500 2473 ut
523 2410 625 2474 huius
647 2408 843 2474 donationis
873 2427 935 2472 scu
956 2408 1126 2472 libertatis
1150 2414 1284 2472 statuta

235 2507 279 2570 ad
293 2509 427 2573 irritum
442 2506 609 2573 deducere
623 2509 763 2573 minime
777 2509 948 2590 quispiam
963 2508 1101 2574 audeat.
1154 2505 1191 2570 Si
1206 2508 1283 2589 quis

234 2614 350 2672 autem
362 2608 428 2673 hoc
443 2615 582 2674 nostrae
604 2609 857 2673 munificentiae
872 2608 1000 2672 donum
1014 2608 1205 2690 deprauare
1227 2607 1283 2670 1111

234 2708 433 2786 diminuere,
462 2729 523 2773 seu
552 2709 706 2792 quolibet
727 2708 830 2772 modo
859 2708 1009 2773 alienare
1038 2714 1199 2771 uersutus
1228 2715 1283 2772 at·

233 2810 466 2891 temptauerit,
494 2809 651 2874 deleatur
679 2829 802 2873 nornen
831 2808 905 2872 eius
931 2808 974 2872 de
999 2807 1087 2871 libro
1113 2807 1218 2884 uitae,
1247 2813 1284 2871 11

234 2915 378 2972 aeterna
400 2909 593 2973 miserimus
613 2929 692 2973 cum
705 2908 929 2991 complicibus
950 2908 1022 2971 suis
1037 2907 1283 2989 dampnatione

234 3009 411 3089 puniatur,
436 3010 503 3073 nisi
531 3009 627 3092 prius
661 3009 898 3073 satisfactione
919 3007 1026 3090 digna
1049 3007 1284 3072 emendauerit

120 3183 125 3190 Ι
232 3109 326 3190 quod
341 3116 463 3174 contra
477 3115 634 3174 nostrum
647 3108 821 3173 decretum
834 3109 1028 3173 obstinatus
1040 3108 1282 3191 praesumpsit.

234 3205 359 3272 Amen.
410 3207 503 3273 Acta
522 3215 605 3272 sunt
618 3208 704 3272 hacc
718 3228 810 3272 anno
824 3208 1014 3272 dominicae
1035 3207 1284 3272 incarnationis

234 3307 398 3372 occ⁰.1x⁶.
412 3309 449 3372 in
467 3309 636 3375 aecclesia
650 3307 842 3373 Saluatoris
857 3308 1043 3385 Laterana,
1059 3307 1282 3373 confirmante

234 3404 464 3472 Constantino
489 3409 670 3473 Romanae
700 3408 791 3472 sedis
819 3409 987 3484 antistite,
1020 3408 1215 3471 astantibus
1248 3412 1284 3470 et

231 3507 515 3572 confirmantibus
538 3509 675 3589 regibus
697 3506 847 3590 Angliae
870 3506 1034 3571 Kenredo
1056 3514 1091 3571 et
1115 3506 1282 3582 011111-

233 3615 339 3688 gante
354 3608 544 3672 uenerabili
553 3609 629 3672 uiro
646 3607 827 3688 Ecgnuino
846 3608 1020 3688 episcopo,
1035 3625 1113 3669 cum
1126 3606 1282 3688 pluribus

232 3707 498 3791 archiepiscopis
527 3715 562 3772 et
590 3707 771 3790 episcopis
804 3706 1015 3789 principibus
1041 3725 1083 3769 ac
1110 3705 1281 3769 nobilibus

231 3807 445 3872 diuersarum
466 3808 738 3892 prouintiarum3
766 3805 901 3870 cunctis
922 3804 1150 3871 clamantibus
1173 3810 1209 3868 et
1230 3804 1282 3867 di-

232 3908 401 3986 centibus,
417 3908 494 3973 Nos
508 3908 599 3972 hanc
620 3908 834 3972 uoluntatem
849 3914 884 3970 et
898 3907 1029 3988 regiam
1039 3904 1281 3968 liberalitatem

231 4007 426 4086 laudamus
441 4009 684 4073 donationibus
699 4026 741 4070 11
754 4007 907 4070 libertati
920 4005 1164 4070 consentimus.

284 4107 360 4189 Ego
376 4107 627 4172 Constantinus
643 4106 824 4171 Romanae
838 4106 928 4169 sedis
942 4105 1124 4187 episcopus
1139 4123 1200 4186 por
1214 4104 1279 4167 boc

232 4207 370 4290 signum
382 4210 441 4289 ³1<
459 4256 466 4275 .
480 4215 621 4273 sanctae
634 4208 745 4272 crucis
755 4207 818 4271 bas
827 4205 1030 4272 donationes
1041 4211 1076 4270 et
1086 4205 1279 4295 libertatem
