<?xml version="1.0" encoding="UTF-8"?>
<!DOCTYPE html PUBLIC "-//W3C//DTD XHTML 1.0 Transitional//EN"
    "http://www.w3.org/TR/xhtml1/DTD/xhtml1-transitional.dtd">
<html xmlns="http://www.w3.org/1999/xhtml" xml:lang="en" lang="en">
 <head>
  <title>
</title>
<meta http-equiv="Content-Type" content="text/html;charset=utf-8" />
  <meta name='ocr-system' content='tesseract 3.04.00' />
  <meta name='ocr-capabilities' content='ocr_page ocr_carea ocr_par ocr_line ocrx_word'/>
</head>
<body>
  <div class='ocr_page' id='page_1' title='image "./codexdiplomatic04kembgoog_0331.png"; bbox 0 0 3112 5032; ppageno 0'>
   <div class='ocr_carea' id='block_1_1' title="bbox 338 402 1133 472">
    <p class='ocr_par' dir='ltr' id='par_1_1' title="bbox 338 402 1133 472">
     <span class='ocr_line' id='line_1_1' title="bbox 338 402 1133 472; baseline 0.001 -6"><span class='ocrx_word' id='word_1_1' title='bbox 338 402 403 472; x_wconf 83' lang='grc'>180</span> <span class='ocrx_word' id='word_1_2' title='bbox 597 421 769 470; x_wconf 70' lang='lat' dir='ltr'>canaria</span> <span class='ocrx_word' id='word_1_3' title='bbox 792 417 1133 469; x_wconf 69' lang='lat' dir='ltr'>arcnosixomoln.</span> 
     </span>
    </p>
   </div>
   <div class='ocr_carea' id='block_1_2' title="bbox 342 575 1407 2861">
    <p class='ocr_par' dir='ltr' id='par_1_2' title="bbox 342 575 1400 1661">
     <span class='ocr_line' id='line_1_2' title="bbox 342 575 1394 663; baseline -0.005 -19"><span class='ocrx_word' id='word_1_4' title='bbox 342 578 494 663; x_wconf 85' lang='lat' dir='ltr'>potentis</span> <span class='ocrx_word' id='word_1_5' title='bbox 516 578 583 657; x_wconf 89' lang='lat' dir='ltr'>dei,</span> <span class='ocrx_word' id='word_1_6' title='bbox 599 579 635 641; x_wconf 93' lang='lat' dir='ltr'>in</span> <span class='ocrx_word' id='word_1_7' title='bbox 647 579 812 644; x_wconf 88' lang='lat' dir='ltr'>memoria</span> <span class='ocrx_word' id='word_1_8' title='bbox 833 586 975 643; x_wconf 89' lang='lat' dir='ltr'>aeterna</span> <span class='ocrx_word' id='word_1_9' title='bbox 998 579 1077 644; x_wconf 92' lang='lat' dir='ltr'>dedi</span> <span class='ocrx_word' id='word_1_10' title='bbox 1094 578 1222 642; x_wconf 88' lang='lat' dir='ltr'>Sancto</span> <span class='ocrx_word' id='word_1_11' title='bbox 1238 575 1345 640; x_wconf 91' lang='lat' dir='ltr'>Petro</span> <span class='ocrx_word' id='word_1_12' title='bbox 1359 582 1394 639; x_wconf 91' lang='lat' dir='ltr'>et</span> 
     </span>
     <span class='ocr_line' id='line_1_3' title="bbox 343 675 1396 763; baseline -0.006 -20"><span class='ocrx_word' id='word_1_13' title='bbox 343 680 436 763; x_wconf 92' lang='lat' dir='ltr'>plebi</span> <span class='ocrx_word' id='word_1_14' title='bbox 450 679 578 744; x_wconf 91' lang='lat' dir='ltr'>domini</span> <span class='ocrx_word' id='word_1_15' title='bbox 593 679 733 762; x_wconf 84' lang='lat' dir='ltr'>degenti</span> <span class='ocrx_word' id='word_1_16' title='bbox 750 680 787 742; x_wconf 93' lang='lat' dir='ltr'>in</span> <span class='ocrx_word' id='word_1_17' title='bbox 803 677 965 755; x_wconf 87' lang='lat' dir='ltr'>Torneia,</span> <span class='ocrx_word' id='word_1_18' title='bbox 987 677 1024 740; x_wconf 92' lang='lat' dir='ltr'>in</span> <span class='ocrx_word' id='word_1_19' title='bbox 1039 679 1116 743; x_wconf 91' lang='lat' dir='ltr'>loco</span> <span class='ocrx_word' id='word_1_20' title='bbox 1130 676 1286 754; x_wconf 85' lang='lat' dir='ltr'>terribili,</span> <span class='ocrx_word' id='word_1_21' title='bbox 1302 675 1396 758; x_wconf 92' lang='lat' dir='ltr'>quod</span> 
     </span>
     <span class='ocr_line' id='line_1_4' title="bbox 343 775 1395 861; baseline -0.005 -18"><span class='ocrx_word' id='word_1_22' title='bbox 343 780 470 844; x_wconf 89' lang='lat' dir='ltr'>dicitur</span> <span class='ocrx_word' id='word_1_23' title='bbox 487 787 543 842; x_wconf 88' lang='lat' dir='ltr'>aet</span> <span class='ocrx_word' id='word_1_24' title='bbox 559 779 841 857; x_wconf 88' lang='lat' dir='ltr'>Uuestmunstur,</span> <span class='ocrx_word' id='word_1_25' title='bbox 861 778 1034 860; x_wconf 88' lang='lat' dir='ltr'>quandam</span> <span class='ocrx_word' id='word_1_26' title='bbox 1056 786 1190 861; x_wconf 88' lang='lat' dir='ltr'>partem</span> <span class='ocrx_word' id='word_1_27' title='bbox 1212 785 1337 854; x_wconf 89' lang='lat' dir='ltr'>terrae,</span> <span class='ocrx_word' id='word_1_28' title='bbox 1358 775 1395 838; x_wconf 94' lang='lat' dir='ltr'>id</span> 
     </span>
     <span class='ocr_line' id='line_1_5' title="bbox 345 865 1397 957; baseline -0.005 -14"><span class='ocrx_word' id='word_1_29' title='bbox 345 887 398 943; x_wconf 90' lang='lat' dir='ltr'>est</span> <span class='ocrx_word' id='word_1_30' title='bbox 412 879 530 943; x_wconf 91' lang='lat' dir='ltr'>decem</span> <span class='ocrx_word' id='word_1_31' title='bbox 542 886 768 957; x_wconf 82' lang='lat' dir='ltr'>cassatorum,</span> <span class='ocrx_word' id='word_1_32' title='bbox 777 865 839 942; x_wconf 89' lang='lat' dir='ltr'>ubi</span> <span class='ocrx_word' id='word_1_33' title='bbox 853 878 987 942; x_wconf 91' lang='lat' dir='ltr'>solicoli</span> <span class='ocrx_word' id='word_1_34' title='bbox 998 878 1146 943; x_wconf 90' lang='lat' dir='ltr'>clamare</span> <span class='ocrx_word' id='word_1_35' title='bbox 1160 883 1325 941; x_wconf 88' lang='lat' dir='ltr'>suescunt</span> <span class='ocrx_word' id='word_1_36' title='bbox 1339 882 1397 939; x_wconf 86' lang='lat' dir='ltr'>act</span> 
     </span>
     <span class='ocr_line' id='line_1_6' title="bbox 345 975 1396 1060; baseline -0.006 -16"><span class='ocrx_word' id='word_1_37' title='bbox 345 978 553 1057; x_wconf 87' lang='lat' dir='ltr'>Aldenham,</span> <span class='ocrx_word' id='word_1_38' title='bbox 570 1000 648 1043; x_wconf 90' lang='lat' dir='ltr'>oum</span> <span class='ocrx_word' id='word_1_39' title='bbox 661 979 819 1042; x_wconf 89' lang='lat' dir='ltr'>omnibus</span> <span class='ocrx_word' id='word_1_40' title='bbox 842 979 933 1060; x_wconf 90' lang='lat' dir='ltr'>aptis</span> <span class='ocrx_word' id='word_1_41' title='bbox 956 979 1087 1058; x_wconf 89' lang='lat' dir='ltr'>usibus,</span> <span class='ocrx_word' id='word_1_42' title='bbox 1107 976 1230 1060; x_wconf 90' lang='lat' dir='ltr'>pratis,</span> <span class='ocrx_word' id='word_1_43' title='bbox 1244 975 1396 1058; x_wconf 70' lang='lat' dir='ltr'>pascum,</span> 
     </span>
     <span class='ocr_line' id='line_1_7' title="bbox 345 1077 1397 1163; baseline -0.005 -20"><span class='ocrx_word' id='word_1_44' title='bbox 345 1079 514 1163; x_wconf 89' lang='lat' dir='ltr'>piscariis,</span> <span class='ocrx_word' id='word_1_45' title='bbox 536 1079 646 1157; x_wconf 77' lang='lat' dir='ltr'>siluiS,</span> <span class='ocrx_word' id='word_1_46' title='bbox 667 1079 834 1143; x_wconf 89' lang='lat' dir='ltr'>siluarum</span> <span class='ocrx_word' id='word_1_47' title='bbox 857 1078 1096 1156; x_wconf 56' lang='lat' dir='ltr'>densitatibus</span> <span class='ocrx_word' id='word_1_48' title='bbox 1111 1077 1312 1159; x_wconf 87' lang='lat' dir='ltr'>cunctisque</span> <span class='ocrx_word' id='word_1_49' title='bbox 1336 1096 1397 1138; x_wconf 90' lang='lat' dir='ltr'>ne·</span> 
     </span>
     <span class='ocr_line' id='line_1_8' title="bbox 348 1177 1396 1260; baseline -0.003 -17"><span class='ocrx_word' id='word_1_50' title='bbox 348 1179 505 1244; x_wconf 88' lang='lat' dir='ltr'>cessariis</span> <span class='ocrx_word' id='word_1_51' title='bbox 538 1179 757 1257; x_wconf 64' lang='lat' dir='ltr'>utilitatibus</span> <span class='ocrx_word' id='word_1_52' title='bbox 783 1186 823 1243; x_wconf 89' lang='lat' dir='ltr'>ut</span> <span class='ocrx_word' id='word_1_53' title='bbox 850 1178 1001 1242; x_wconf 90' lang='lat' dir='ltr'>habeant</span> <span class='ocrx_word' id='word_1_54' title='bbox 1022 1178 1059 1241; x_wconf 92' lang='lat' dir='ltr'>in</span> <span class='ocrx_word' id='word_1_55' title='bbox 1080 1177 1255 1260; x_wconf 84' lang='lat' dir='ltr'>propriam</span> <span class='ocrx_word' id='word_1_56' title='bbox 1279 1183 1396 1259; x_wconf 88' lang='lat' dir='ltr'>potcs-</span> 
     </span>
     <span class='ocr_line' id='line_1_9' title="bbox 347 1275 1397 1362; baseline -0.003 -19"><span class='ocrx_word' id='word_1_57' title='bbox 347 1286 466 1357; x_wconf 90' lang='lat' dir='ltr'>tatem,</span> <span class='ocrx_word' id='word_1_58' title='bbox 478 1279 724 1362; x_wconf 88' lang='lat' dir='ltr'>perpetualiter</span> <span class='ocrx_word' id='word_1_59' title='bbox 736 1279 926 1343; x_wconf 88' lang='lat' dir='ltr'>concedens</span> <span class='ocrx_word' id='word_1_60' title='bbox 941 1276 1081 1342; x_wconf 91' lang='lat' dir='ltr'>donaui.</span> <span class='ocrx_word' id='word_1_61' title='bbox 1135 1275 1288 1359; x_wconf 90' lang='lat' dir='ltr'>Accepto</span> <span class='ocrx_word' id='word_1_62' title='bbox 1311 1296 1397 1358; x_wconf 92' lang='lat' dir='ltr'>quo-</span> 
     </span>
     <span class='ocr_line' id='line_1_10' title="bbox 348 1375 1398 1460; baseline -0.004 -18"><span class='ocrx_word' id='word_1_63' title='bbox 348 1399 415 1460; x_wconf 89' lang='lat' dir='ltr'>que</span> <span class='ocrx_word' id='word_1_64' title='bbox 432 1380 477 1443; x_wconf 88' lang='lat' dir='ltr'>ab</span> <span class='ocrx_word' id='word_1_65' title='bbox 500 1378 687 1443; x_wconf 85' lang='lat' dir='ltr'>aecclesiae</span> <span class='ocrx_word' id='word_1_66' title='bbox 709 1378 860 1442; x_wconf 89' lang='lat' dir='ltr'>eiusdem</span> <span class='ocrx_word' id='word_1_67' title='bbox 874 1379 999 1442; x_wconf 85' lang='lat' dir='ltr'>abbate</span> <span class='ocrx_word' id='word_1_68' title='bbox 1023 1376 1209 1441; x_wconf 86' lang='lat' dir='ltr'>Ordbrihto</span> <span class='ocrx_word' id='word_1_69' title='bbox 1235 1375 1398 1458; x_wconf 88' lang='lat' dir='ltr'>placabili</span> 
     </span>
     <span class='ocr_line' id='line_1_11' title="bbox 348 1475 1400 1562; baseline -0.005 -19"><span class='ocrx_word' id='word_1_70' title='bbox 348 1478 481 1562; x_wconf 89' lang='lat' dir='ltr'>praetio</span> <span class='ocrx_word' id='word_1_71' title='bbox 499 1527 506 1544; x_wconf 93' lang='lat'><strong>.</strong></span> <span class='ocrx_word' id='word_1_72' title='bbox 522 1497 542 1542; x_wconf 93' lang='lat' dir='ltr'>c</span> <span class='ocrx_word' id='word_1_73' title='bbox 556 1528 564 1543; x_wconf 92' lang='lat'><strong>.</strong></span> <span class='ocrx_word' id='word_1_74' title='bbox 579 1497 763 1542; x_wconf 86' lang='lat' dir='ltr'>mancusas</span> <span class='ocrx_word' id='word_1_75' title='bbox 777 1478 853 1542; x_wconf 90' lang='lat' dir='ltr'>auri</span> <span class='ocrx_word' id='word_1_76' title='bbox 867 1477 973 1542; x_wconf 84' lang='lat' dir='ltr'>obrizi</span> <span class='ocrx_word' id='word_1_77' title='bbox 987 1479 1024 1541; x_wconf 92' lang='lat' dir='ltr'>in</span> <span class='ocrx_word' id='word_1_78' title='bbox 1037 1497 1109 1541; x_wconf 90' lang='lat' dir='ltr'>una</span> <span class='ocrx_word' id='word_1_79' title='bbox 1123 1475 1268 1541; x_wconf 86' lang='lat' dir='ltr'>armilla.</span> <span class='ocrx_word' id='word_1_80' title='bbox 1321 1476 1400 1540; x_wconf 88' lang='lat' dir='ltr'>lam</span> 
     </span>
     <span class='ocr_line' id='line_1_12' title="bbox 349 1577 1219 1661; baseline -0.002 -19"><span class='ocrx_word' id='word_1_81' title='bbox 349 1599 386 1644; x_wconf 89' lang='lat' dir='ltr'>se</span> <span class='ocrx_word' id='word_1_82' title='bbox 392 1580 510 1661; x_wconf 90' lang='lat' dir='ltr'>quitur</span> <span class='ocrx_word' id='word_1_83' title='bbox 522 1578 623 1642; x_wconf 86' lang='lat' dir='ltr'>istius</span> <span class='ocrx_word' id='word_1_84' title='bbox 639 1579 728 1642; x_wconf 90' lang='lat' dir='ltr'>ruris</span> <span class='ocrx_word' id='word_1_85' title='bbox 743 1578 917 1660; x_wconf 79' lang='lat' dir='ltr'>cirgyrata</span> <span class='ocrx_word' id='word_1_86' title='bbox 929 1577 1138 1654; x_wconf 89' lang='lat' dir='ltr'>terminatio,</span> <span class='ocrx_word' id='word_1_87' title='bbox 1153 1584 1219 1641; x_wconf 92' lang='lat' dir='ltr'>etc.</span> 
     </span>
    </p>

    <p class='ocr_par' dir='ltr' id='par_1_3' title="bbox 350 1675 1403 2361">
     <span class='ocr_line' id='line_1_13' title="bbox 400 1675 1403 1760; baseline -0.004 -18"><span class='ocrx_word' id='word_1_88' title='bbox 400 1678 505 1742; x_wconf 91' lang='lat' dir='ltr'>Hanc</span> <span class='ocrx_word' id='word_1_89' title='bbox 520 1687 635 1742; x_wconf 89' lang='lat' dir='ltr'>autem</span> <span class='ocrx_word' id='word_1_90' title='bbox 650 1678 867 1760; x_wconf 79' lang='lat' dir='ltr'>donationem</span> <span class='ocrx_word' id='word_1_91' title='bbox 881 1676 912 1740; x_wconf 91' lang='lat' dir='ltr'>si</span> <span class='ocrx_word' id='word_1_92' title='bbox 925 1677 1015 1760; x_wconf 89' lang='lat' dir='ltr'>quis,</span> <span class='ocrx_word' id='word_1_93' title='bbox 1038 1676 1111 1740; x_wconf 87' lang='lat' dir='ltr'>face</span> <span class='ocrx_word' id='word_1_94' title='bbox 1126 1675 1302 1740; x_wconf 89' lang='lat' dir='ltr'>daemonis</span> <span class='ocrx_word' id='word_1_95' title='bbox 1317 1675 1403 1738; x_wconf 87' lang='lat' dir='ltr'>sub·</span> 
     </span>
     <span class='ocr_line' id='line_1_14' title="bbox 350 1775 1400 1861; baseline -0.004 -19"><span class='ocrx_word' id='word_1_96' title='bbox 350 1779 495 1861; x_wconf 76' lang='lat' dir='ltr'>posituS,</span> <span class='ocrx_word' id='word_1_97' title='bbox 517 1779 690 1860; x_wconf 86' lang='lat' dir='ltr'>aliquibus</span> <span class='ocrx_word' id='word_1_98' title='bbox 712 1777 856 1841; x_wconf 89' lang='lat' dir='ltr'>maculis</span> <span class='ocrx_word' id='word_1_99' title='bbox 879 1781 1031 1860; x_wconf 87' lang='lat' dir='ltr'>turpare,</span> <span class='ocrx_word' id='word_1_100' title='bbox 1045 1777 1217 1858; x_wconf 82' lang='lat' dir='ltr'>frangere,</span> <span class='ocrx_word' id='word_1_101' title='bbox 1233 1775 1400 1851; x_wconf 89' lang='lat' dir='ltr'>minuere,</span> 
     </span>
     <span class='ocr_line' id='line_1_15' title="bbox 351 1876 1401 1960; baseline -0.004 -20"><span class='ocrx_word' id='word_1_102' title='bbox 351 1878 485 1942; x_wconf 87' lang='lat' dir='ltr'>auferre</span> <span class='ocrx_word' id='word_1_103' title='bbox 499 1879 677 1960; x_wconf 86' lang='lat' dir='ltr'>satagerit,</span> <span class='ocrx_word' id='word_1_104' title='bbox 692 1877 780 1940; x_wconf 88' lang='lat' dir='ltr'>sciat</span> <span class='ocrx_word' id='word_1_105' title='bbox 795 1897 832 1941; x_wconf 90' lang='lat' dir='ltr'>se</span> <span class='ocrx_word' id='word_1_106' title='bbox 848 1877 890 1941; x_wconf 92' lang='lat' dir='ltr'>de</span> <span class='ocrx_word' id='word_1_107' title='bbox 905 1876 1063 1960; x_wconf 89' lang='lat' dir='ltr'>supernis</span> <span class='ocrx_word' id='word_1_108' title='bbox 1077 1876 1180 1960; x_wconf 90' lang='lat' dir='ltr'>pulsu</span> <span class='ocrx_word' id='word_1_109' title='bbox 1194 1876 1401 1939; x_wconf 91' lang='lat' dir='ltr'>daemonum</span> 
     </span>
     <span class='ocr_line' id='line_1_16' title="bbox 351 1976 1401 2059; baseline -0.005 -18"><span class='ocrx_word' id='word_1_110' title='bbox 351 1978 388 2041; x_wconf 91' lang='lat' dir='ltr'>in</span> <span class='ocrx_word' id='word_1_111' title='bbox 403 1979 473 2042; x_wconf 88' lang='lat' dir='ltr'>ima</span> <span class='ocrx_word' id='word_1_112' title='bbox 495 1978 696 2054; x_wconf 90' lang='lat' dir='ltr'>cadendum,</span> <span class='ocrx_word' id='word_1_113' title='bbox 711 1977 779 2040; x_wconf 90' lang='lat' dir='ltr'>nisi</span> <span class='ocrx_word' id='word_1_114' title='bbox 793 1977 889 2059; x_wconf 89' lang='lat' dir='ltr'>prius</span> <span class='ocrx_word' id='word_1_115' title='bbox 904 1977 960 2041; x_wconf 90' lang='lat' dir='ltr'>hic</span> <span class='ocrx_word' id='word_1_116' title='bbox 980 1977 1024 2040; x_wconf 89' lang='lat' dir='ltr'>ad</span> <span class='ocrx_word' id='word_1_117' title='bbox 1044 1976 1317 2040; x_wconf 89' lang='lat' dir='ltr'>emendationem</span> <span class='ocrx_word' id='word_1_118' title='bbox 1339 1993 1401 2037; x_wconf 89' lang='lat' dir='ltr'>ue-</span> 
     </span>
     <span class='ocr_line' id='line_1_17' title="bbox 351 2076 1400 2142; baseline -0.005 -1"><span class='ocrx_word' id='word_1_119' title='bbox 351 2078 425 2141; x_wconf 91' lang='lat' dir='ltr'>nire</span> <span class='ocrx_word' id='word_1_120' title='bbox 433 2077 603 2142; x_wconf 89' lang='lat' dir='ltr'>maluerit.</span> <span class='ocrx_word' id='word_1_121' title='bbox 618 2076 918 2142; x_wconf 88' lang='lat' dir='ltr'>Annodominicae</span> <span class='ocrx_word' id='word_1_122' title='bbox 926 2076 1173 2142; x_wconf 89' lang='lat' dir='ltr'>incarnationis</span> <span class='ocrx_word' id='word_1_123' title='bbox 1183 2091 1400 2139; x_wconf 71' lang='lat' dir='ltr'>nccnxxxu</span> 
     </span>
     <span class='ocr_line' id='line_1_18' title="bbox 351 2174 1402 2261; baseline -0.006 -19"><span class='ocrx_word' id='word_1_124' title='bbox 351 2185 431 2244; x_wconf 85' lang='lat' dir='ltr'>acta</span> <span class='ocrx_word' id='word_1_125' title='bbox 453 2185 507 2242; x_wconf 91' lang='lat' dir='ltr'>est</span> <span class='ocrx_word' id='word_1_126' title='bbox 530 2178 616 2242; x_wconf 90' lang='lat' dir='ltr'>haec</span> <span class='ocrx_word' id='word_1_127' title='bbox 637 2178 794 2261; x_wconf 85' lang='lat' dir='ltr'>praefata</span> <span class='ocrx_word' id='word_1_128' title='bbox 817 2177 958 2242; x_wconf 92' lang='lat' dir='ltr'>donatio</span> <span class='ocrx_word' id='word_1_129' title='bbox 980 2178 1043 2241; x_wconf 89' lang='lat' dir='ltr'>sub</span> <span class='ocrx_word' id='word_1_130' title='bbox 1059 2176 1180 2240; x_wconf 91' lang='lat' dir='ltr'>borum</span> <span class='ocrx_word' id='word_1_131' title='bbox 1204 2174 1402 2239; x_wconf 83' lang='lat' dir='ltr'>testimonio</span> 
     </span>
     <span class='ocr_line' id='line_1_19' title="bbox 351 2277 970 2361; baseline 0.002 -21"><span class='ocrx_word' id='word_1_132' title='bbox 351 2298 497 2361; x_wconf 88' lang='lat' dir='ltr'>quorum</span> <span class='ocrx_word' id='word_1_133' title='bbox 511 2279 651 2341; x_wconf 90' lang='lat' dir='ltr'>nomina</span> <span class='ocrx_word' id='word_1_134' title='bbox 664 2277 857 2342; x_wconf 86' lang='lat' dir='ltr'>flauescunt</span> <span class='ocrx_word' id='word_1_135' title='bbox 869 2278 970 2342; x_wconf 88' lang='lat' dir='ltr'>infra.</span> 
     </span>
    </p>

    <p class='ocr_par' dir='ltr' id='par_1_4' title="bbox 352 2374 1407 2861">
     <span class='ocr_line' id='line_1_20' title="bbox 407 2374 1403 2461; baseline -0.005 -18"><span class='ocrx_word' id='word_1_136' title='bbox 407 2381 447 2460; x_wconf 98' lang='grc'>»14</span> <span class='ocrx_word' id='word_1_137' title='bbox 464 2378 540 2461; x_wconf 86' lang='lat' dir='ltr'>Ego</span> <span class='ocrx_word' id='word_1_138' title='bbox 557 2378 636 2442; x_wconf 88' lang='lat' dir='ltr'>Offa</span> <span class='ocrx_word' id='word_1_139' title='bbox 658 2398 720 2442; x_wconf 84' lang='lat' dir='ltr'>rex</span> <span class='ocrx_word' id='word_1_140' title='bbox 735 2377 945 2441; x_wconf 90' lang='lat' dir='ltr'>Merciorum</span> <span class='ocrx_word' id='word_1_141' title='bbox 963 2377 1053 2441; x_wconf 92' lang='lat' dir='ltr'>hanc</span> <span class='ocrx_word' id='word_1_142' title='bbox 1079 2376 1313 2452; x_wconf 87' lang='lat' dir='ltr'>elemosinam,</span> <span class='ocrx_word' id='word_1_143' title='bbox 1336 2374 1403 2438; x_wconf 92' lang='lat' dir='ltr'>deo</span> 
     </span>
     <span class='ocr_line' id='line_1_21' title="bbox 352 2475 1404 2561; baseline -0.004 -19"><span class='ocrx_word' id='word_1_144' title='bbox 352 2479 515 2556; x_wconf 90' lang='lat' dir='ltr'>donante,</span> <span class='ocrx_word' id='word_1_145' title='bbox 530 2499 608 2543; x_wconf 90' lang='lat' dir='ltr'>cum</span> <span class='ocrx_word' id='word_1_146' title='bbox 629 2478 730 2561; x_wconf 86' lang='lat' dir='ltr'>signo</span> <span class='ocrx_word' id='word_1_147' title='bbox 752 2486 893 2543; x_wconf 91' lang='lat' dir='ltr'>sanctae</span> <span class='ocrx_word' id='word_1_148' title='bbox 908 2478 1018 2542; x_wconf 87' lang='lat' dir='ltr'>crucis</span> <span class='ocrx_word' id='word_1_149' title='bbox 1033 2476 1208 2541; x_wconf 88' lang='lat' dir='ltr'>confirmo.</span> <span class='ocrx_word' id='word_1_150' title='bbox 1265 2476 1305 2556; x_wconf 90' lang='grc'>»14</span> <span class='ocrx_word' id='word_1_151' title='bbox 1324 2475 1404 2557; x_wconf 86' lang='lat' dir='ltr'>Ego</span> 
     </span>
     <span class='ocr_line' id='line_1_22' title="bbox 354 2576 1407 2662; baseline -0.006 -19"><span class='ocrx_word' id='word_1_152' title='bbox 354 2576 534 2662; x_wconf 79' lang='lat' dir='ltr'>Cynebryb</span> <span class='ocrx_word' id='word_1_153' title='bbox 562 2578 683 2661; x_wconf 86' lang='lat' dir='ltr'>regina</span> <span class='ocrx_word' id='word_1_154' title='bbox 710 2577 819 2659; x_wconf 86' lang='lat' dir='ltr'>figens</span> <span class='ocrx_word' id='word_1_155' title='bbox 850 2597 985 2642; x_wconf 88' lang='lat' dir='ltr'>crucem</span> <span class='ocrx_word' id='word_1_156' title='bbox 1020 2577 1059 2659; x_wconf 93' lang='grc'>»14</span> <span class='ocrx_word' id='word_1_157' title='bbox 1096 2576 1285 2659; x_wconf 84' lang='lat' dir='ltr'>gaudenter</span> <span class='ocrx_word' id='word_1_158' title='bbox 1320 2593 1407 2638; x_wconf 89' lang='lat' dir='ltr'>con-</span> 
     </span>
     <span class='ocr_line' id='line_1_23' title="bbox 353 2674 1405 2760; baseline -0.004 -20"><span class='ocrx_word' id='word_1_159' title='bbox 353 2679 500 2760; x_wconf 87' lang='lat' dir='ltr'>signaui.</span> <span class='ocrx_word' id='word_1_160' title='bbox 557 2677 864 2760; x_wconf 65' lang='grc' dir='ltr'><strong>»14ΕςοΙ11111111111</strong></span> <span class='ocrx_word' id='word_1_161' title='bbox 886 2677 1163 2760; x_wconf 86' lang='lat' dir='ltr'>archiepiscopus</span> <span class='ocrx_word' id='word_1_162' title='bbox 1188 2674 1405 2739; x_wconf 92' lang='lat' dir='ltr'>commodum</span> 
     </span>
     <span class='ocr_line' id='line_1_24' title="bbox 353 2768 1406 2861; baseline -0.006 -19"><span class='ocrx_word' id='word_1_163' title='bbox 353 2779 450 2842; x_wconf 83' lang='lat' dir='ltr'>duxi.</span> <span class='ocrx_word' id='word_1_164' title='bbox 509 2779 549 2858; x_wconf 98' lang='grc'>»14</span> <span class='ocrx_word' id='word_1_165' title='bbox 569 2779 646 2860; x_wconf 86' lang='lat' dir='ltr'>Ego</span> <span class='ocrx_word' id='word_1_166' title='bbox 677 2773 858 2842; x_wconf 75' lang='lat' dir='ltr'>Heaeered</span> <span class='ocrx_word' id='word_1_167' title='bbox 888 2777 1081 2861; x_wconf 71' lang='lat' dir='ltr'>episcopus</span> <span class='ocrx_word' id='word_1_168' title='bbox 1137 2768 1274 2857; x_wconf 64' lang='grc' dir='ltr'><strong>»14Ἐςο</strong></span> <span class='ocrx_word' id='word_1_169' title='bbox 1304 2773 1406 2838; x_wconf 91' lang='lat' dir='ltr'>Uttel</span> 
     </span>
    </p>
   </div>
   <div class='ocr_carea' id='block_1_3' title="bbox 354 2874 1532 3068">
    <p class='ocr_par' dir='ltr' id='par_1_5' title="bbox 354 2874 1532 3068">
     <span class='ocr_line' id='line_1_25' title="bbox 354 2874 1532 2976; baseline -0.005 -34"><span class='ocrx_word' id='word_1_170' title='bbox 354 2879 547 2961; x_wconf 76' lang='lat' dir='ltr'>episcopus</span> <span class='ocrx_word' id='word_1_171' title='bbox 605 2880 644 2959; x_wconf 96' lang='grc'>»14</span> <span class='ocrx_word' id='word_1_172' title='bbox 662 2878 738 2960; x_wconf 88' lang='lat' dir='ltr'>Ego</span> <span class='ocrx_word' id='word_1_173' title='bbox 755 2878 907 2942; x_wconf 85' lang='lat' dir='ltr'>Eadbert</span> <span class='ocrx_word' id='word_1_174' title='bbox 920 2878 1003 2941; x_wconf 86' lang='lat' dir='ltr'>dux.</span> <span class='ocrx_word' id='word_1_175' title='bbox 1060 2878 1100 2958; x_wconf 90' lang='grc'>»14</span> <span class='ocrx_word' id='word_1_176' title='bbox 1119 2874 1195 2956; x_wconf 86' lang='lat' dir='ltr'>Ego</span> <span class='ocrx_word' id='word_1_177' title='bbox 1213 2875 1305 2938; x_wconf 88' lang='lat' dir='ltr'>Esne</span> <span class='ocrx_word' id='word_1_178' title='bbox 1318 2874 1404 2938; x_wconf 85' lang='lat' dir='ltr'>dux.</span> <span class='ocrx_word' id='word_1_179' title='bbox 1531 2923 1532 2976; x_wconf 49' lang='lat' dir='ltr'>p</span> 
     </span>
     <span class='ocr_line' id='line_1_26' title="bbox 359 2973 1532 3068; baseline -0.006 -26"><span class='ocrx_word' id='word_1_180' title='bbox 359 2980 399 3059; x_wconf 98' lang='grc'>»14</span> <span class='ocrx_word' id='word_1_181' title='bbox 416 2977 492 3059; x_wconf 86' lang='lat' dir='ltr'>Ego</span> <span class='ocrx_word' id='word_1_182' title='bbox 508 2979 599 3041; x_wconf 87' lang='lat' dir='ltr'>Eata</span> <span class='ocrx_word' id='word_1_183' title='bbox 622 2978 693 3041; x_wconf 80' lang='lat' dir='ltr'>dux</span> <span class='ocrx_word' id='word_1_184' title='bbox 716 2985 752 3042; x_wconf 92' lang='lat' dir='ltr'>et</span> <span class='ocrx_word' id='word_1_185' title='bbox 772 2978 865 3060; x_wconf 84' lang='lat' dir='ltr'>regis</span> <span class='ocrx_word' id='word_1_186' title='bbox 886 2976 1024 3041; x_wconf 88' lang='lat' dir='ltr'>discifer</span> <span class='ocrx_word' id='word_1_187' title='bbox 1047 2973 1215 3040; x_wconf 88' lang='lat' dir='ltr'>consensi.</span> <span class='ocrx_word' id='word_1_188' title='bbox 1252 2975 1310 3054; x_wconf 94' lang='grc'><strong>·»14</strong></span> <span class='ocrx_word' id='word_1_189' title='bbox 1326 2973 1407 3056; x_wconf 86' lang='lat' dir='ltr'>Ego</span> <span class='ocrx_word' id='word_1_190' title='bbox 1531 2979 1532 3068; x_wconf 81' lang='grc'>1</span> 
     </span>
    </p>
   </div>
   <div class='ocr_carea' id='block_1_4' title="bbox 245 3073 1408 3160">
    <p class='ocr_par' dir='ltr' id='par_1_6' title="bbox 245 3073 1532 3160">
     <span class='ocr_line' id='line_1_27' title="bbox 245 3073 1408 3160; baseline -0.003 -20"><span class='ocrx_word' id='word_1_191' title='bbox 245 3089 249 3097; x_wconf 94' lang='grc'>’</span> <span class='ocrx_word' id='word_1_192' title='bbox 356 3077 490 3141; x_wconf 91' lang='lat' dir='ltr'>Brorda</span> <span class='ocrx_word' id='word_1_193' title='bbox 527 3078 610 3141; x_wconf 88' lang='lat' dir='ltr'>dux.</span> <span class='ocrx_word' id='word_1_194' title='bbox 679 3080 719 3160; x_wconf 90' lang='grc'><strong>»14</strong></span> <span class='ocrx_word' id='word_1_195' title='bbox 738 3077 815 3160; x_wconf 83' lang='lat' dir='ltr'>Ego</span> <span class='ocrx_word' id='word_1_196' title='bbox 852 3076 1005 3143; x_wconf 86' lang='lat' dir='ltr'>Cenuulf</span> <span class='ocrx_word' id='word_1_197' title='bbox 1036 3075 1203 3140; x_wconf 84' lang='lat' dir='ltr'>minister.</span> <span class='ocrx_word' id='word_1_198' title='bbox 1272 3075 1311 3154; x_wconf 94' lang='grc'>»14</span> <span class='ocrx_word' id='word_1_199' title='bbox 1327 3073 1408 3155; x_wconf 83' lang='lat' dir='ltr'>Ego</span> 
     </span>
    </p>
   </div>
   <div class='ocr_carea' id='block_1_5' title="bbox 356 3176 694 3243">
    <p class='ocr_par' dir='ltr' id='par_1_7' title="bbox 356 3176 694 3243">
     <span class='ocr_line' id='line_1_28' title="bbox 356 3176 694 3243; baseline 0.009 -4"><span class='ocrx_word' id='word_1_200' title='bbox 356 3176 512 3241; x_wconf 88' lang='lat' dir='ltr'>Ealhelm</span> <span class='ocrx_word' id='word_1_201' title='bbox 529 3177 694 3243; x_wconf 90' lang='lat' dir='ltr'>minister.</span> 
     </span>
    </p>
   </div>
   <div class='ocr_carea' id='block_1_6' title="bbox 817 3346 1001 3364">
    <p class='ocr_par' dir='ltr' id='par_1_8' title="bbox 817 3346 1001 3364">
     <span class='ocr_line' id='line_1_29' title="bbox 817 3346 1001 3364; baseline -0.011 -4"><span class='ocrx_word' id='word_1_202' title='bbox 817 3346 939 3364; x_wconf 61' lang='grc' dir='ltr'>μ--Ἀ</span> <span class='ocrx_word' id='word_1_203' title='bbox 998 3353 1001 3358; x_wconf 88' lang='grc'>.</span> 
     </span>
    </p>
   </div>
   <div class='ocr_carea' id='block_1_7' title="bbox 680 3470 1093 3699">
    <p class='ocr_par' dir='ltr' id='par_1_9' title="bbox 680 3470 1093 3699">
     <span class='ocr_line' id='line_1_30' title="bbox 809 3470 917 3538; baseline 0.019 -3"><span class='ocrx_word' id='word_1_204' title='bbox 809 3477 812 3481; x_wconf 85' lang='grc'><strong>’</strong></span> <span class='ocrx_word' id='word_1_205' title='bbox 845 3470 917 3538; x_wconf 85' lang='lat' dir='ltr'>CL.</span> 
     </span>
     <span class='ocr_line' id='line_1_31' title="bbox 680 3618 1093 3699; baseline -0.007 -13"><span class='ocrx_word' id='word_1_206' title='bbox 680 3623 701 3666; x_wconf 79' lang='lat'>*</span> <span class='ocrx_word' id='word_1_207' title='bbox 726 3619 870 3699; x_wconf 87' lang='lat' dir='ltr'>OFFA,</span> <span class='ocrx_word' id='word_1_208' title='bbox 893 3618 1093 3686; x_wconf 71' lang='lat' dir='ltr'>ros-785..</span> 
     </span>
    </p>
   </div>
   <div class='ocr_carea' id='block_1_8' title="bbox 357 3764 1416 4253">
    <p class='ocr_par' dir='ltr' id='par_1_10' title="bbox 357 3764 1416 4253">
     <span class='ocr_line' id='line_1_32' title="bbox 385 3764 1414 3854; baseline -0.005 -19"><span class='ocrx_word' id='word_1_209' title='bbox 385 3800 387 3804; x_wconf 55' lang='grc'>’</span> <span class='ocrx_word' id='word_1_210' title='bbox 407 3775 452 3854; x_wconf 87' lang='grc'>1»14</span> <span class='ocrx_word' id='word_1_211' title='bbox 481 3772 534 3836; x_wconf 65' lang='lat' dir='ltr'>Iri</span> <span class='ocrx_word' id='word_1_212' title='bbox 564 3771 702 3834; x_wconf 85' lang='lat' dir='ltr'>nominc</span> <span class='ocrx_word' id='word_1_213' title='bbox 722 3783 723 3790; x_wconf 76' lang='grc'>’</span> <span class='ocrx_word' id='word_1_214' title='bbox 740 3770 869 3834; x_wconf 89' lang='lat' dir='ltr'>domini</span> <span class='ocrx_word' id='word_1_215' title='bbox 906 3769 1017 3834; x_wconf 87' lang='lat' dir='ltr'>nostri</span> <span class='ocrx_word' id='word_1_216' title='bbox 1038 3766 1158 3831; x_wconf 75' lang='lat' dir='ltr'>ihesu</span> <span class='ocrx_word' id='word_1_217' title='bbox 1173 3764 1320 3831; x_wconf 81' lang='lat' dir='ltr'>&#39;Christi</span> <span class='ocrx_word' id='word_1_218' title='bbox 1345 3767 1414 3849; x_wconf 85' lang='lat' dir='ltr'>¹qui</span> 
     </span>
     <span class='ocr_line' id='line_1_33' title="bbox 357 3865 1414 3953; baseline -0.009 -13"><span class='ocrx_word' id='word_1_219' title='bbox 357 3880 483 3942; x_wconf 87' lang='lat' dir='ltr'>cuncta</span> <span class='ocrx_word' id='word_1_220' title='bbox 508 3871 647 3936; x_wconf 88' lang='lat' dir='ltr'>saecula</span> <span class='ocrx_word' id='word_1_221' title='bbox 668 3870 797 3952; x_wconf 84' lang='lat' dir='ltr'>iugiter</span> <span class='ocrx_word' id='word_1_222' title='bbox 819 3871 876 3953; x_wconf 92' lang='lat' dir='ltr'>pio</span> <span class='ocrx_word' id='word_1_223' title='bbox 898 3867 1262 3948; x_wconf 81' lang='lat' dir='ltr'>moderamine&#39;rcgit!</span> <span class='ocrx_word' id='word_1_224' title='bbox 1306 3865 1414 3930; x_wconf 51' lang='lat' dir='ltr'>¹Con-</span> 
     </span>
     <span class='ocr_line' id='line_1_34' title="bbox 357 3972 1416 4056; baseline -0.008 -18"><span class='ocrx_word' id='word_1_225' title='bbox 357 3981 429 4038; x_wconf 87' lang='lat' dir='ltr'>stat</span> <span class='ocrx_word' id='word_1_226' title='bbox 463 3993 557 4056; x_wconf 86' lang='lat' dir='ltr'>ergo,</span> <span class='ocrx_word' id='word_1_227' title='bbox 592 3980 628 4036; x_wconf 94' lang='lat' dir='ltr'>et</span> <span class='ocrx_word' id='word_1_228' title='bbox 660 3972 901 4034; x_wconf 88' lang='lat' dir='ltr'>incunctanter</span> <span class='ocrx_word' id='word_1_229' title='bbox 934 3988 1054 4033; x_wconf 87' lang='lat' dir='ltr'>uerum</span> <span class='ocrx_word' id='word_1_230' title='bbox 1088 3986 1164 4031; x_wconf 87' lang='lat' dir='ltr'>esse</span> <span class='ocrx_word' id='word_1_231' title='bbox 1201 3973 1299 4050; x_wconf 87' lang='lat' dir='ltr'>patet</span> <span class='ocrx_word' id='word_1_232' title='bbox 1338 3975 1416 4030; x_wconf 83' lang='lat' dir='ltr'>o&#39;m-</span> 
     </span>
     <span class='ocr_line' id='line_1_35' title="bbox 358 4068 1413 4154; baseline -0.007 -17"><span class='ocrx_word' id='word_1_233' title='bbox 358 4075 416 4137; x_wconf 89' lang='lat' dir='ltr'>nia</span> <span class='ocrx_word' id='word_1_234' title='bbox 435 4072 599 4154; x_wconf 72' lang='lat' dir='ltr'>quac&#39;hic</span> <span class='ocrx_word' id='word_1_235' title='bbox 626 4071 796 4136; x_wconf 84' lang='lat' dir='ltr'>humanis</span> <span class='ocrx_word' id='word_1_236' title='bbox 810 4076 998 4134; x_wconf 89' lang='lat' dir='ltr'>cernuntur</span> <span class='ocrx_word' id='word_1_237' title='bbox 1017 4068 1149 4132; x_wconf 88' lang='lat' dir='ltr'>uisibus</span> <span class='ocrx_word' id='word_1_238' title='bbox 1172 4085 1266 4133; x_wconf 89' lang='lat' dir='ltr'>uana</span> <span class='ocrx_word' id='word_1_239' title='bbox 1287 4085 1328 4130; x_wconf 90' lang='lat' dir='ltr'>ac</span> <span class='ocrx_word' id='word_1_240' title='bbox 1352 4087 1413 4132; x_wconf 89' lang='lat' dir='ltr'>ca-</span> 
     </span>
     <span class='ocr_line' id='line_1_36' title="bbox 357 4167 1414 4253; baseline -0.003 -18"><span class='ocrx_word' id='word_1_241' title='bbox 357 4173 446 4236; x_wconf 88' lang='lat' dir='ltr'>duca</span> <span class='ocrx_word' id='word_1_242' title='bbox 460 4172 729 4253; x_wconf 80' lang='lat' dir='ltr'>transitoriaque</span> <span class='ocrx_word' id='word_1_243' title='bbox 740 4170 826 4247; x_wconf 89' lang='lat' dir='ltr'>fieri,</span> <span class='ocrx_word' id='word_1_244' title='bbox 841 4175 945 4252; x_wconf 88' lang='lat' dir='ltr'>atque</span> <span class='ocrx_word' id='word_1_245' title='bbox 956 4188 1096 4250; x_wconf 87' lang='lat' dir='ltr'>eaquae</span> <span class='ocrx_word' id='word_1_246' title='bbox 1112 4167 1289 4234; x_wconf 89' lang='lat' dir='ltr'>hominum</span> <span class='ocrx_word' id='word_1_247' title='bbox 1300 4167 1414 4232; x_wconf 89' lang='lat' dir='ltr'>oculis</span> 
     </span>
    </p>
   </div>
   <div class='ocr_carea' id='block_1_9' title="bbox 0 0 1585 5032">
    <p class='ocr_par' dir='ltr' id='par_1_11' title="bbox 0 0 1585 5032">
     <span class='ocr_line' id='line_1_37' title="bbox 0 0 1585 5032; baseline 0 0"><span class='ocrx_word' id='word_1_248' title='bbox 0 0 1585 5032; x_wconf 95' lang='lat' dir='ltr'> </span> 
     </span>
    </p>
   </div>
  </div>
 </body>
</html>
