3188 5032
318 362 362 426 66
571 377 743 426 erraras
766 378 1107 428 nnenosnxonrcaa.

320 534 459 600 nomine
481 534 611 598 domini
633 535 1012 601 nostri·1hesuchristi
1033 533 1212 616 regnantis
1234 532 1271 598 in
1292 553 1376 615 per--

320 641 474 718 petuum,
497 635 661 699 uniuersa
682 654 772 717 quae
794 636 988 701 subsistunt
1012 640 1187 710 constant,
1212 633 1250 696 in
1273 633 1371 698 cuius

321 734 426 800 etiam
451 734 588 798 nomine
610 735 696 800 haec
721 736 893 818 scriptura
915 735 1118 800 confirmata
1148 734 1215 811 sit;
1245 739 1281 796 et
1306 754 1369 815 pro

321 834 419 900 cuius
448 853 557 916 aeque
585 854 701 900 amore
725 835 802 918 Ego
827 834 980 900 Ailricus
1005 833 1130 902 Osheri
1153 834 1246 914 regis
1279 832 1369 896 filius

314 935 483 1015 ‘exiguam
504 935 593 996 ruris
612 935 867 1017 portiunculam
882 952 961 999 vm.
975 934 1137 998 uidelicet
1158 933 1371 1002 manentium

319 1033 356 1096 in
379 1033 455 1097 loco
470 1034 528 1115 qui
546 1033 671 1100 dicitur
686 1034 1012 1112 Childesuuicuuon,
1026 1033 1264 1098 consentiente
1289 1051 1369 1114 rege

323 1132 486 1198 Kenredo
509 1133 647 1198 domino
668 1155 758 1213 meo,
780 1135 921 1200 tradens
943 1130 1080 1199 donabo
1106 1132 1149 1198 ad
1172 1133 1286 1196 locum
1311 1133 1371 1214 qui

321 1233 446 1296 dicitur
462 1232 601 1311 Ethom,
624 1236 668 1298 ob
689 1235 854 1300 honorem
873 1235 929 1299 dei
944 1233 1127 1316 genetricis
1143 1232 1289 1308 Mariae,
1308 1251 1372 1314 pro

320 1332 470 1397 remedio
485 1334 620 1397 animae
634 1354 750 1416 meae;
766 1337 924 1400 omnibus
936 1335 1058 1402 diebus
1068 1332 1323 1415 possidendam,
1334 1339 1375 1400 et.

322 1433 366 1496 ab
375 1434 469 1502 omni
480 1433 649 1496 saeculari
658 1436 799 1502 seruitio
808 1436 963 1512 liberam,
972 1433 1127 1516 exeeptis
1137 1432 1226 1496 arcis
1239 1440 1376 1496 restam·

320 1533 454 1596 ratione
481 1539 518 1598 et
539 1534 667 1615 pontis,
690 1542 726 1598 et
751 1535 981 1618 expeditionis
1002 1533 1179 1615 obsequio.
1230 1531 1268 1595 Si
1293 1532 1371 1614 quis

320 1638 437 1696 autem
458 1631 548 1696 hanc
562 1652 674 1698 meam
688 1634 909 1700 donationem
925 1654 1053 1716 augere
1067 1633 1228 1709 uoluerit,
1242 1638 1379 1714 augeat¹

322 1730 407 1796 deus
420 1739 554 1813 partem
569 1733 662 1798 illius
677 1735 713 1799 in
727 1744 931 1819 perpetuum
947 1736 984 1798 in
998 1742 1092 1798 terra
1105 1733 1308 1814 uiuentium.
1363 1801 1366 1804 ,

374 1830 475 1896 Haec
512 1839 628 1898 autem
649 1836 850 1918 syngrapha
876 1841 1043 1900 caraxata
1066 1840 1120 1896 est
1145 1852 1238 1898 anno
1263 1832 1371 1896 domi·

324 1931 423 1998 nicae
441 1933 690 1998 incarnationis
705 1952 835 2000 occur.
851 1936 905 1999 his
919 1936 1065 2000 testibus
1082 1932 1380 1998 consentientibus

324 2051 470 2114 quorum
484 2033 625 2098 nomina
636 2034 778 2099 inferius
795 2042 963 2099 caraxata
981 2034 1154 2100 uidentur.
1206 2032 1283 2114 Ego
1297 2029 1381 2094 Ail-

323 2131 418 2196 rious
431 2132 531 2196 Oseri
553 2134 644 2215 regis
659 2134 750 2198 filius
764 2135 854 2200 hanc
875 2135 1096 2198 donationem
1117 2151 1230 2196 meam
1252 2131 1379 2196 contire

323 2232 449 2296 mando
464 2232 564 2314 signo
579 2241 720 2298 sanotae
736 2235 848 2301 crucis
867 2236 907 2316 »14
928 2233 1071 2300 muniui.

379 2332 418 2411 »14
438 2332 515 2414 Ego
536 2331 719 2398 Kenredus
742 2354 805 2398 rex
823 2334 1033 2400 Marciorum
1055 2330 1215 2396 consensi
1237 2337 1273 2394 et
1295 2329 1380 2394 sub-

324 2431 457 2513 scripsi.
514 2434 554 2513 »14
575 2432 652 2516 Ego
681 2433 929 2500 Brithuualdus
954 2433 1232 2514 archiepiscopus
1254 2429 1291 2493 in
1313 2449 1375 2494 no-

323 2531 416 2594 mine
452 2538 595 2598 sanctae
631 2540 675 2597 et·
701 2534 901 2598 indiuiduae
943 2533 1109 2598 trinitatis
1144 2530 1376 2595 corroborari.

330 2632 370 2711 »14
405 2628 483 2712 Ego
524 2631 726 2715 Ecguuinus
767 2635 949 2717 episcopus
991 2631 1161 2696 consensi.
1231 2631 1271 2711 »14
1300 2629 1381 2710 Ego.

326 2727 510 2797 Hinuuald
531 2733 731 2816 subscripsi.
788 2736 828 2815 »14
857 2735 933 2816 Ego
957 2731 1144 2797 Brithuuin
1165 2731 1273 2794 abbas
1295 2749 1377 2792 con-

326 2831 428 2894 sensi.
495 2833 534 2912 »14
556 2831 633 2914 Ego
663 2833 862 2898 Uualdhere
885 2833 1055 2898 consensi.
1123 2831 1262 2912 »14Εςο
1289 2828 1381 2901 Hel-¹

325 2930 430 2993 uuald
446 2931 643 3014 subscripsi.
694 2935 733 3014 »14
754 2933 829 3014 Ego
845 2932 1008 2996 Eilmund
1023 2931 1193 2997 consensi.
1239 2931 1279 3008 »14
1300 2928 1376 3010 Ego

326 3027 491 3093 Ethelher
506 3032 705 3114 subscripsi.
906 3017 909 3022 ¹

795 3207 916 3220 -μΙ--Ι

785 3323 929 3389 LVIII.

626 3469 986 3549 *UUALDHARL
1008 3473 1084 3537 706.

297 3624 302 3633 '
382 3621 423 3701 »14
439 3618 702 3684 vicentinus
725 3622 918 3703 praesentis
941 3622 1048 3685 cosmi
1071 3629 1167 3686 statu
1181 3622 1264 3706 quid
1284 3625 1379 3690 aliud

328 3711 501 3796 innuitur,
518 3719 586 3782 nisi
607 3721 707 3784 bonis
729 3721 811 3784 illuc
835 3729 1097 3802 perseueranter
1119 3723 1253 3787 actibus
1276 3724 1379 3788 insis-

329 3817 433 3882 tendo
462 3837 672 3900 magnopere
695 3819 907 3896 festinemus,
937 3828 977 3884 ut
1005 3821 1189 3902 perhennis
1220 3823 1379 3902 felicitas,

327 3925 469 3981 aeterna
502 3919 651 3996 bonitas,
682 3929 816 3983 summa
843 3920 1050 3999 iocunditas,
1080 3921 1177 3985 alma·
1198 3925 1380 4002 securitas,

327 4017 493 4081 continua
521 4018 768 4100 tranquillitas,
805 4019 879 4084 sine
906 4020 1040 4086 malitia
1076 4022 1216 4099 caritas,
1245 4026 1380 4106 perpeti

329 4114 504 4193 gaudeant
516 4118 678 4200 tripudio.
723 4119 946 4202 Quapropter
958 4121 997 4192 in
1009 4121 1145 4194 nomine
1160 4125 1326 4188 creatoris
1343 4133 1380 4192 et
