3134 5030
455 453 628 500 cunum
650 451 993 503 nucuosnxoruons.
1178 442 1246 507 245

190 607 278 673 rima
295 609 466 687 clarescit,
488 604 638 674 'scemate
659 610 729 674 iam
753 629 875 694 nempe
899 618 1086 694 preparata
1106 613 1243 691 enituit,

190 707 237 771 ihi
262 709 451 774 Uuliredus
480 729 616 794 quoque
645 711 782 792 praesul
812 709 1021 776 Cantharlae
1047 712 1084 775 in
1112 713 1242 778 honore

191 807 298 873 Ihesu
320 807 450 874 Christi
472 811 601 874 domini
624 811 734 875 nostri
766 812 956 894 beataeque
979 811 1114 876 Mariae
1137 832 1242 897 gene-

190 909 287 973 tricis
305 909 372 987 dei,
387 928 476 992 quae
497 928 562 974 suo
585 911 732 976 contulit
748 910 880 992 gremio
896 931 1013 994 regem
1032 931 1133 995 quem
1155 913 1242 996 coeli

190 1027 313 1092 capere
345 1017 506 1093 terraque
536 1010 751 1093 nequierant,
777 1009 961 1075 dedicauit.
1022 1009 1078 1076 Ibi
1104 1031 1241 1096 quoqne

190 1126 303 1172 meum
317 1109 353 1173 in
368 1109 507 1174 domino
520 1129 645 1194 corpus
659 1129 807 1194 pausare
821 1112 969 1176 decreui.
1021 1109 1241 1195 complacuit

190 1214 307 1274 autem
327 1209 410 1273 mihi
429 1209 595 1289 Kenulfo,
611 1217 651 1276 nt
666 1211 710 1274 ad
732 1212 1025 1277 consecrationem
1047 1214 1239 1279 antenomi.

190 1316 294 1374 natae
308 1309 494 1374 aecclesiae
509 1311 689 1374 uniuersos
709 1311 931 1377 accercissem
947 1311 1156 1377 Merciorum
1178 1333 1240 1397 op·

189 1409 339 1490 timates,
367 1410 560 1494 episcopos,
584 1411 769 1495 principes,
804 1412 959 1490 comites,
986 1421 1239 1495 procuratores,

190 1529 352 1593 meosque
386 1511 611 1595 propinquos,
639 1529 775 1575 necnon
811 1519 848 1575 et
883 1510 1095 1576 Cuthredum
1123 1533 1240 1595 regem

190 1608 467 1689 Cantuariorum,
500 1617 606 1693 atque
640 1610 821 1694 Sigredum
857 1631 974 1694 regem
1010 1610 1239 1678 Orientalium

189 1709 379 1789 Saxonum,
394 1730 471 1774 cum
493 1712 651 1788 omnibus
671 1712 731 1794 qui
750 1718 857 1776 testes
874 1713 1005 1794 nostris
1015 1713 1239 1797 synodalibus

188 1809 423 1874 conciliahbns
445 1810 598 1875 aderant.
652 1810 765 1891 Quam
791 1830 875 1875 uem
896 1812 1074 1896 basilicam
1096 1813 1141 1877 ad
1162 1813 1237 1896 lau·

187 1910 265 1974 dem
287 1917 323 1974 et
344 1911 388 1975 ad
416 1910 580 1976 honorem
605 1910 732 1975 domini
758 1910 870 1992 nostri
899 1911 1006 1976 Ihesu
1034 1910 1177 1991 Christi,
1201 1921 1237 1978 et

187 2029 250 2092 pro
272 2030 388 2075 amore
414 2011 556 2094 regiuae
581 2011 752 2090 coelestis,
779 2016 884 2094 atque
905 2011 1104 2094 expiatione
1118 2014 1236 2095 piacus

186 2110 297 2174 lorum
309 2125 485 2188 meorum,
499 2110 692 2189 aedificaui,
708 2131 778 2175 non
792 2109 906 2175 modo.
917 2110 961 2174 ad
983 2111 1237 2177 roborationem
1341 2145 1343 2147 ·

185 2209 408 2276 haereditatis
423 2229 530 2291 meae,
541 2219 646 2296 atque
661 2212 705 2275 ad
719 2210 959 2275 solidationem
970 2211 1151 2294 apostolici
1165 2213 1235 2296 pri-¹

186 2311 302 2394 uilegii
323 2311 415 2395 qnod
436 2311 520 2375 mihi
541 2311 722 2397 apostolici
735 2311 915 2396 pontifices
929 2331 1007 2375 cum
1029 2313 1236 2378 auctoritate

185 2411 278 2476 beati
301 2409 399 2476 Petri
419 2411 585 2496 principis
607 2412 853 2495 apostolorum,
879 2410 1090 2475 direxerunt.
1158 2410 1235 2495 Ego
1287 2435 1289 2440 ⁸
1382 2441 1385 2448 ·

183 2512 310 2576 etenim
327 2511 513 2594 Kenulfus,
529 2513 585 2578 dei
597 2512 769 2577 arridente
791 2511 906 2593 gratia
926 2530 989 2588 rex
1011 2510 1235 2597 Merciorum,

184 2613 228 2676 ad
248 2612 439 2694 gratiarum
452 2614 622 2679 actionem
635 2632 699 2697 pro
713 2613 897 2676 deuotione
915 2611 1064 2697 illorum,
1077 2611 1137 2694 qui
1151 2611 1235 2676 mihi

184 2719 220 2776 et
247 2731 344 2776 meae
373 2712 577 2779 haereditati
601 2711 767 2777 beniuola
785 2717 900 2776 mente
926 2730 1005 2775 cnm
1027 2712 1234 2776 auctoritate

184 2813 420 2895 'apostolorum
434 2813 780 2896 affirmationeatque
793 2817 996 2876 cunctorum
1015 2810 1233 2894 synodalium
1280 2809 1283 2814 ’

182 2921 378 2977 nostrorum
389 2913 701 2978 reconciliationem
716 2911 859 2990 tirmiter
871 2912 1140 2976 roborauerunt:
1164 2912 1234 2976 iam

182 3013 299 3077 autem
313 3033 377 3096 pro
398 3013 656 3078 confirmatione
677 3030 774 3077 meae
796 3011 1032 3089 haereditatis,
1055 3030 1159 3094 quam
1172 3013 1233 3078 do-

183 3114 297 3176 minns
314 3111 386 3177 Leo
400 3132 492 3197 papa
506 3114 636 3196 primus
649 3111 843 3177 affirmabat
856 3131 933 3175 cum
956 3131 1019 3176 suo
1041 3111 1234 3195 priuilegio,

161 3213 164 3220 '
184 3220 220 3276 et
233 3221 356 3297 postea
379 3212 558 3277 Paschalis
579 3231 733 3278 summus
755 3211 924 3296 pontifex,
942 3231 1020 3275 cum
1041 3213 1236 3295 praeceptis

165 3330 266 3378 suae
290 3313 486 3382 autoritatis
512 3321 548 3378 et
569 3314 740 3377 uniuersis
763 3312 972 3376 Marciorum
996 3312 1234 3393 optimatibus,

183 3412 220 3476 in
254 3412 365 3476 tribus
403 3413 557 3497 synodis,
584 3414 748 3476 unanimo
776 3410 934 3489 concilio,
962 3411 1001 3474 in
1030 3417 1233 3493 perpetuam

183 3512 431 3578 haereditatem
452 3512 551 3577 xmihi
588 3513 741 3595 meisque
777 3509 981 3575 haeredibus
1022 3508 1114 3578 dona
1157 3529 1235 3576 mea

183 3614 340 3677 omnibus
362 3612 536 3678 archontis
558 3614 761 3677 merciorum
783 3629 917 3674 necnon
931 3617 967 3674 et
984 3608 1130 3673 aliarum
1152 3629 1233 3695 pro·

184 3713 387 3793 uinciarum,
419 3713 457 3776 in
477 3732 563 3777 auro
587 3719 810 3796 argentoque,
839 3711 930 3774 etin
952 3710 1111 3774 omnibus
1132 3717 1232 3774 uten-

182 3812 303 3877 silibus
340 3812 437 3893 meis,
467 3813 580 3878 laetus
613 3812 768 3895 erogaui,
803 3829 936 3875 necnon
957 3811 993 3874 in
1017 3809 1114 3893 equis
1129 3810 1232 3895 elec-

182 3913 336 3991 tissimis,
361 3911 547 3997 unicuique
568 3912 754 3978 secundum
780 3909 985 3992 dignitatem
1015 3909 1144 3991 gradus
1166 3911 1232 3990 sui,

182 4022 221 4079 et·
244 4012 416 4078 uniuersis
440 4014 501 4097 qui
526 4032 631 4097 agros
653 4032 723 4077 non
753 4010 938 4088 habebant,
964 4010 1089 4073 libram
1112 4009 1148 4072 in
1177 4029 1233 4074 ara

183 4122 289 4200 gento
320 4113 505 4198 purissimo
532 4113 648 4191 tribui,
674 4119 782 4195 atque,
811 4110 847 4173 in
880 4129 966 4173 auro
997 4108 1234 4188 mundissimo,

183 4215 367 4299 unicuique
400 4214 601 4299 presbitero,
624 4230 843 4278 mancussum
884 4207 1011 4296 tradidi
1047 4229 1166 4288 unum,
1200 4220 1235 4278 et
1268 4273 1270 4276 .
