3188 5032
481 425 653 473 cHAR‘rllfl
675 426 1017 478 ANcnosAxochn.
1230 417 1275 480 95

220 582 373 656 nieriorii
388 582 477 646 hanc
493 577 678 647 donationi}
694 584 790 647 niem
805 585 992 668 infringere
1007 585 1022 649 l
1037 587 1189 650 minuere
1212 608 1275 651 uo-

220 684 324 748 luerit
345 683 434 746 sciat
456 701 495 745 se
516 684 679 765 seperatii
702 702 724 747 e
746 687 1015 769 congregatione
1035 687 1152 750 omnifi
1174 689 1274 751 sdord

222 783 258 846 in
273 782 451 847 tremendo
467 782 521 845 die
537 782 654 847 iudicii
667 784 734 847 nisi
747 786 843 867 prius
860 787 964 869 digne
979 787 1223 852 emendauerit.

277 883 317 963 ›1‹
337 882 414 964 Ego
428 882 610 946 berhtuulf
619 903 682 947 rex
696 887 788 948 mord
852 889 891 969 ›1‹
911 886 988 968 Ego
1007 887 1146 951 totnoth
1160 885 1232 973 epis

277 984 317 1064 *1⁴
337 982 415 1065 Ego
429 983 589 1047 ceolnoth
611 985 670 1047 ard
688 982 759 1071 epis
851 989 891 1069 ›1‹
913 987 989 1068 Ego
1003 986 1175 1050 hunberht
1188 987 1261 1050 dux

276 1084 316 1164 ›1‹
337 1082 415 1163 Ego
429 1081 560 1166 saedryd
575 1084 697 1166 regina
852 1087 892 1167 *1⁴
913 1087 990 1169 Ego
1000 1087 1112 1150 mucel
1127 1087 1200 1151 dux

278 1184 318 1264 ›1‹
334 1182 413 1265 Ego
426 1183 561 1248 ceolred
576 1181 648 1271 epis
849 1187 889 1267 ›1‹
910 1186 986 1269 Ego
1001 1186 1153 1252 hunsten
1166 1187 1239 1250 dux

650 1477 843 1542 LXXIX.

297 1624 638 1705 AETHILBALD,
662 1625 755 1691 Nor.
771 1626 867 1704 24th,
881 1627 958 1705 723,
973 1626 1050 1705 728,
1066 1622 1208 1694 01734.ι

278 1779 317 1859 ›1‹
335 1777 517 1841 Donlnrr
532 1776 671 1840 domino
687 1784 806 1841 nostro
818 1776 923 1840 Ihesu
934 1776 1090 1841 Christo!
1115 1775 1192 1858 Ego
1203 1777 1274 1842 Ae·

222 1877 409 1945 thilbaldus
430 1896 493 1940 rex
510 1876 719 1941 Merciorum
734 1885 860 1941 terram
873 1877 958 1940 iuris
975 1877 1043 1940 mei
1058 1893 1107 1940 vr.
1122 1885 1276 1944 cassato-

223 2000 311 2056 rum,
334 1977 390 2042 eui
412 1978 619 2041 uocabulum
640 1985 694 2041 est
708 1976 938 2055 Bredanloeh,
958 1997 1020 2059 pro
1041 1977 1276 2059 redemptione

224 2080 358 2145 animae
372 2096 469 2142 meae
480 2076 686 2160 Cyneburge
700 2078 820 2156 trod03
836 2083 876 2142 ut
889 2077 951 2140 fiat
964 2076 1036 2142 eius
1051 2079 1223 2159 possessio
1237 2079 1276 2142 in

223 2186 448 2264 perpetuum
472 2185 507 2241 et
522 2178 723 2259 cuicumque
744 2178 893 2243 uoluerit
912 2177 1060 2255 tradere,
1074 2177 1130 2241 uel
1145 2178 1183 2242 in
1201 2179 1276 2246 uite

223 2281 315 2345 illius
340 2278 397 2342 uel
418 2284 499 2360 post
521 2277 652 2343 obitum
675 2279 761 2356 eius,
784 2277 1023 2360 [potestatem]
1050 2277 1177 2342 habeat
1203 2285 1275 2352 tre-

224 2381 337 2444 dendi.
388 2378 426 2446 si
440 2378 517 2459 quis
532 2379 754 2461 temptauerit
767 2377 856 2441 hanc
869 2376 1090 2441 donationem
1104 2377 1275 2456 fraudare,

225 2482 313 2546 sciat
333 2499 370 2542 se
392 2476 532 2542 reddere
555 2479 724 2542 rationem
742 2479 780 2541 in
799 2477 854 2541 die
874 2476 1003 2541 iudicii.
1057 2476 1152 2540 Huic
1167 2477 1276 2543 dona·
1351 2550 1353 2554 ¹

224 2582 311 2646 tioni
328 2580 511 2662 optimates
533 2578 601 2644 mei
623 2585 730 2642 testes
753 2584 835 2643 sunt
856 2596 1002 2660 quorum
1023 2577 1164 2642 nomine
1185 2577 1276 2642 infra

224 2698 390 2765 expressa
402 2685 495 2742 sunt.

280 2783 320 2863 ᾧ
334 2781 411 2863 Ego
424 2777 667 2844 Aethilbeldus
681 2797 744 2842 rex
760 2775 968 2841 Merciorum
983 2777 1276 2842 confirmationem

225 2882 315 2947 hane
337 2879 539 2946 confirmaui
556 2878 697 2961 propria
710 2897 827 2941 manu.
884 2878 924 2958 *1⁴
939 2877 1015 2960 Ego
1030 2878 1129 2943 Uuor
1143 2878 1276 2961 episco-

225 3001 302 3066 pus.
359 2981 399 3061 ›1‹
414 2978 490 3060 Ego
502 2978 582 3042 Offa
596 2977 808 3044 confirmaui.
862 2973 902 3053 ›1‹
916 2977 993 3061 Ego
1003 2977 1180 3050 Eadberht
1194 2998 1275 3043 con·

226 3081 372 3147 firmani.
419 3072 459 3152 *1⁴
468 3079 545 3162 Ego
558 3079 756 3144 Uueldhere
769 3077 981 3142 confirmaui.
1028 3079 1068 3159 ›1‹
1083 3079 1163 3162 Ego
1176 3079 1276 3152 Unil-

226 3182 293 3246 frid
302 3182 494 3264 episcopus.
551 3180 590 3260 ›1‹
605 3178 682 3262 Ego
696 3177 867 3244 Aldberht
882 3169 1100 3244 οοιιίίιίιιειιιί.Ι
1147 3174 1186 3255 >1⁴
1199 3180 1276 3262 Ego
1346 3262 1350 3270 .

228 3281 398 3349 Ontuuini
413 3278 626 3344 confirmaui.

279 3382 384 3446 Hanc
412 3387 544 3445 cartem
569 3377 745 3461 composui
763 3378 799 3442 in
819 3394 889 3443 1111.
913 3378 1194 3453 feriav111.kal‚
1218 3379 1276 3443 de·

229 3483 336 3548 eemli.
352 3481 468 3564 passio
482 3478 595 3544 sancti
611 3477 817 3561 Chrisogoni
831 3479 1005 3560 martyris.

265 3674 338 3726 ¹'l'he
348 3677 409 3725 nith
419 3674 448 3724 oi
460 3675 605 3725 November
615 3674 660 3724 fell
673 3688 706 3723 on
722 3689 739 3722 e
763 3673 816 3721 But
834 3686 863 3722 as
875 3673 947 3720 Uuor
957 3670 1059 3718 became
1074 3669 1164 3730 bishop
1183 3671 1209 3718 in
1221 3675 1279 3733 771,

227 3747 362 3808 Thursday
372 3747 399 3794 in
410 3747 452 3795 the
463 3761 537 3808 years
548 3751 606 3807 717,
613 3749 671 3807 725,
682 3748 740 3806 728,
764 3743 815 3792 end
826 3743 984 3802 diedinid’l,
995 3739 1072 3788 while
1084 3739 1207 3788 Uuilfrith
1218 3739 1278 3788 died

228 3822 286 3881 734,
297 3817 348 3867 end
359 3819 418 3881 745,
427 3817 542 3867 between
552 3819 601 3866 716
620 3815 671 3864 end
682 3818 740 3866 757.
764 3815 791 3862 in
799 3817 857 3878 745,
865 3827 905 3863 we
915 3814 984 3860 must
991 3810 1099 3860 exclude
1106 3813 1154 3860 717
1161 3809 1212 3860 end
1219 3814 1277 3860 745.
