3112 5032
443 451 616 502 cunnrna
638 452 980 502 nncuosnxonrcnn.
1169 441 1235 505 209

589 609 814 676 CLXXIII.

489 761 510 804 *
534 755 806 835 ECGFRITH,
829 757 905 822 796.

212 910 252 991 ›1‹
264 909 340 973 Eco
356 908 540 992 Ecgfridus
556 910 671 992 gratia
683 911 739 974 dei
751 929 814 974 rex
827 909 1048 987 Merciorum,
1064 911 1226 976 annodo-

175 1009 321 1074 minicae
336 1008 585 1075 incarnationis
597 1010 903 1092 septingentesimo
913 1011 1135 1092 nonagesimo
1144 1031 1226 1075 sex·

175 1116 224 1186 to,
238 1109 425 1175 indictione
436 1117 573 1193 quarta,
584 1111 695 1192 primo
710 1131 792 1174 uero
803 1129 895 1174 anno
908 1112 1006 1193 regni
1018 1112 1140 1188 nostri,
1155 1118 1224 1176 ter-

173 1227 248 1272 ram
261 1209 378 1274 decem
391 1212 602 1275 manentium
619 1211 757 1274 nomine
765 1209 963 1295 Thyreield,
977 1231 1054 1274 cum
1068 1212 1223 1276 terminis

174 1311 259 1387 suis,
274 1311 411 1375 domino
424 1331 501 1376 meo
517 1311 622 1375 Ihesu
635 1310 786 1388 Christo,
802 1318 837 1374 et
851 1311 925 1374 eius
940 1311 1115 1394 praetioso
1130 1331 1225 1375 mar-

174 1411 243 1492 tyri
253 1409 404 1488 Albano,
425 1411 613 1476 liberaliter
634 1419 670 1475 et
695 1410 927 1488 aeternaliter,
948 1430 1027 1475 cum
1051 1429 1227 1480 consensu

172 1517 210 1573 et
222 1512 419 1575 testimonio
433 1511 638 1595 optimatum
654 1531 821 1588 meorum,
833 1511 871 1573 in
892 1511 948 1574 ius
967 1512 1222 1591 monasteriale,

170 1630 236 1692 pro
249 1612 365 1675 anima
379 1631 456 1675 mea
476 1619 512 1676 et
530 1618 712 1695 parentum
734 1630 900 1688 meorum,
925 1609 1145 1675 deuotissime
1159 1612 1225 1676 tri·

172 1711 241 1774 buo
269 1719 305 1775 et
326 1711 473 1775 libenter
502 1711 665 1776 concedo.
716 1711 838 1793 Sitque
861 1709 1039 1792 praedicta
1060 1715 1154 1774 terra
1175 1713 1222 1779 ah

171 1811 265 1875 omni
292 1818 449 1876 terrenae
478 1812 657 1876 seruitutis
683 1811 766 1892 iugo
794 1829 930 1892 semper
958 1810 1084 1887 aliena,
1115 1817 1224 1894 atque.

171 1911 291 1975 eadem
303 1911 463 1976 libertate
476 1912 523 1976 sit
535 1912 656 1989 libera,
678 1930 750 1994 qua
769 1917 927 1974 caeterae
949 1917 1061 1976 terrae
1080 1931 1221 1994 monas-

170 2011 249 2074 terii
262 2011 356 2076 beati
369 2010 500 2076 Albani
521 2011 737 2094 conscriptae
756 2018 863 2094 atque
884 2030 1069 2076 concessae
1090 2018 1172 2076 sunt
1196 2031 1223 2078 a

170 2111 321 2193 glorioso
336 2111 451 2190 Offae,
466 2107 622 2195 genitore
636 2132 724 2177 meo.

223 2213 354 2295 ›11Ego
368 2212 553 2295 Ecgfridus
574 2233 637 2277 rex
658 2212 749 2276 hanc
762 2230 875 2276 meam
894 2210 1118 2276 donationem
1137 2230 1217 2279 cum

169 2311 269 2393 signo
291 2313 404 2377 crucis
427 2314 630 2378 confirmare
648 2313 794 2377 curabo.
851 2313 890 2394 ›1‹
912 2311 988 2392 Ego
1010 2309 1217 2394 Cynethrith

168 2413 289 2494 regma
301 2414 474 2478 consensi.
509 2413 548 2497 ›1‹
563 2413 640 2495 Ego
652 2411 926 2477 Aethelheardus
940 2410 1216 2494 archiepiscopus

167 2513 337 2578 consensi.
415 2517 454 2598 ›1‹
491 2515 567 2597 Ego
597 2513 774 2579 Unuuona
802 2510 996 2593 episcopus.
1074 2512 1114 2593 ›1‹
1138 2511 1218 2593 Ego

170 2613 426 2679 Uueohthunus
440 2617 631 2699 episcopus.
688 2616 728 2697 ›1‹
745 2613 822 2694 Ego
838 2609 1115 2676 Beonnaabbas.
1172 2612 1213 2692 ›1‹

169 2713 247 2795 Ego
274 2714 430 2780 Aelllrun
455 2717 647 2799 episcopua.
709 2716 748 2797 ›1‹
769 2713 845 2794 Ego
873 2711 1009 2774 Brorda
1030 2710 1114 2776 dux.
1170 2711 1210 2792 ›1‹

169 2812 245 2895 Ego
261 2814 476 2897 Uuigbertus
498 2814 582 2879 dux.
634 2815 673 2896 ›1‹
690 2812 767 2895 Ego
783 2811 922 2892 Uuicga
944 2810 1028 2876 dux.
1080 2811 1120 2892 ›1‹
1137 2809 1215 2890 Ego

166 2910 388 2980 Alhmundus
401 2915 485 2979 dux.
542 2916 581 2997 ›1‹
601 2913 679 2995 Ego
699 2911 911 2976 Cuthbertus
936 2910 1020 2974 dux.
1077 2909 1214 2991 ›14Ego

167 3013 306 3098 Eobing
316 3015 399 3079 dux.
436 3017 475 3097 ›1‹
492 3013 569 3097 Ego
586 3011 756 3077 Forthred
771 3012 890 3075 abbas.
923 3011 963 3092 ›1‹
980 3009 1058 3090 Ego
1071 3008 1218 3090 Sighere

164 3113 258 3179 filius
286 3115 431 3197 Sigheri.
488 3114 528 3197 ›1‹
559 3113 636 3195 Ego
669 3111 763 3176 Esne
783 3111 868 3174 dux.
925 3111 964 3192 ›1‹
992 3109 1069 3191 Ego
1092 3107 1216 3192 Cydda

166 3215 252 3278 dux.
307 3217 348 3296 ›1‹
366 3215 441 3296 Ego
457 3213 671 3278 Uuinbertus
686 3212 771 3276 dux.
828 3210 959 3294 ›14Ego
975 3208 1217 3275 Heardbertns

166 3309 251 3378 dux.
309 3312 691 3398 ›14EgoBrordadum
729 3311 732 3320 ’
1198 3321 1202 3328 ’

171 3440 175 3444 ·
216 3413 442 3498 Conscriptus
457 3421 635 3480 estoutem
650 3413 705 3476 hic
720 3412 820 3488 liber,
842 3412 877 3474 in
900 3411 977 3474 loco
1005 3410 1065 3492 qui
1089 3408 1216 3488 dicitur

165 3513 347 3600 Celchyth,
361 3516 398 3580 in
413 3514 547 3599 synodo
562 3515 710 3596 publico.

583 3807 800 3875 CLXXIV.

478 3953 499 3998 *⁵
522 3954 795 4034 ECGFRITH,
817 3956 894 4021 796.

218 4108 318 4192 »ΗΝ
333 4109 471 4174 nomine
487 4107 635 4173 dominil
689 4107 815 4190 Itaque
836 4113 876 4170 ut
895 4102 1121 4188 apostolicum
1145 4110 1215 4167 tes·.

162 4217 257 4276 tatur
279 4212 457 4274 oraculum
474 4208 571 4300 Nihil
591 4207 770 4272 intulimus
786 4208 822 4271 in
837 4206 929 4269 hunc
951 4202 1128 4280 muudum,
1152 4224 1215 4268 nec

1046 4320 1065 4364 r
