3112 5032
431 443 604 492 onunrnn
629 441 969 493 uuonosnxonrcnn.
1162 429 1231 494 217

178 599 252 666 iure
266 602 296 666 si
311 601 386 685 ipse
400 600 499 666 nobis
514 609 549 666 et
563 602 787 686 optimatibus
800 603 928 667 nostris
943 602 1053 668 fidelis
1067 603 1234 670 manserit

178 703 345 780 minister,
361 710 397 766 et
406 702 630 766 inconuulsus
644 702 786 768 amicus
849 751 851 758 .

232 805 274 885 *1⁴
296 803 374 885 Ego
404 802 618 866 Coenuulfus
650 822 714 866 rex
742 802 962 867 donationem
991 824 1104 869 meam
1131 805 1233 887 signo

179 903 291 966 crucis
306 903 482 967 confirmo.
524 905 563 984 ᾖ
578 902 723 984 Signum
738 921 859 966 manus
871 901 1019 968 Cnbredi
1032 905 1124 986 regis
1139 904 1233 970 Can·

178 1003 380 1068 tuariorum.
439 1005 479 1085 »1⁴
496 1001 640 1084 Signum
657 1022 779 1067 manus
803 1001 1000 1067 Ceolberhti
1021 1004 1130 1070 ducis.
1187 1009 1227 1089 »1⁴

179 1102 324 1184 Signum
340 1121 463 1168 manus
480 1102 673 1166 Berhthuni
687 1110 723 1167 et
734 1102 951 1186 Byrnuualdi
965 1105 1140 1170 comitum.
1226 1151 1233 1164 ,

190 1255 193 1260 .
231 1202 312 1267 Ηοο
324 1204 407 1268 item
423 1203 576 1267 secunda
589 1202 645 1266 die
658 1221 785 1286 pascae
807 1203 991 1269 adfirmant
1013 1224 1129 1269 coram
1144 1225 1233 1287 rege

181 1301 338 1367 Cubredo
359 1305 396 1367 iu
418 1303 503 1368 urbe
526 1302 794 1367 cantuariorum
816 1304 1094 1388 archiepiscopus
1115 1302 1234 1370 Aeth-

180 1401 286 1468 heard
299 1410 338 1468 'at
355 1403 562 1467 Marciorum
578 1404 689 1482 abhas¹
704 1403 910 1485 Daeghelm,
920 1424 999 1469 curn
1010 1405 1234 1487 optimatibus

181 1522 326 1586 quorum
339 1504 395 1566 hic
410 1503 541 1588 scripta
555 1511 637 1568 sunt
651 1503 801 1568 nomina.

237 1602 497 1694 fflhedssheard
521 1603 810 1688 archiepiscopus.
868 1605 1115 1688 ›14Daeghelm
1136 1625 1235 1688 pres·

182 1706 284 1788 byter
305 1705 424 1769 abbas.
481 1706 521 1786 *1⁴
539 1703 730 1768 Heaberht.
788 1704 979 1786 »1⁴0suuls.
1038 1708 1076 1787 ›1‹
1091 1705 1233 1788 Eguull.

189 1807 228 1886 »1⁴
247 1802 436 1869 Alhmund.
487 1802 781 1885 ›1⁴Beornheard.
837 1807 877 1887 ᾧ
897 1805 1002 1871 Esne.
1061 1808 1101 1888 »1⁴
1128 1806 1234 1870 Eud-

181 1904 293 1969 berht.
357 1901 603 1986 ›14Haehsrih
679 1907 720 1985 ›1‹
747 1904 948 1970 Ealdberht.
1020 1907 1061 1985 ›1‹
1091 1905 1235 1972 Osmodr
1363 1906 1366 1911 ’

187 2006 226 2085 ›1‹
242 2002 463 2068 Uuiohthert.
520 2006 560 2086 ›1‹
578 2002 769 2069 Bealbhaeb.
1230 2053 1232 2060 ,

192 2137 196 2142 .
238 2107 277 2186 »Β
292 2103 369 2186 Ego
396 2101 549 2169 Suuibnn
575 2111 656 2188 post
680 2104 812 2170 obitum
836 2124 950 2168 meum
976 2105 1076 2170 trado
1103 2112 1233 2172 terram

182 2202 284 2268 huius
299 2204 405 2269 libelli
421 2223 484 2287 pro
498 2205 648 2268 remedio
664 2205 801 2269 animae
811 2223 921 2283 meae,
929 2206 1155 2289 omnibusque
1170 2208 1235 2271 sibi

182 2303 432 2388 pertinentibus
461 2311 584 2368 sancto
609 2301 771 2368 Andreae
797 2305 835 2368 in
862 2312 1079 2388 perpetuum.
1131 2306 1178 2369 Et
1202 2308 1234 2370 si

183 2404 260 2486 quis
283 2405 431 2487 augerit,
454 2412 631 2469 aeternam
655 2405 762 2469 uitam
789 2405 919 2468 tribuat
933 2405 965 2469 ei
986 2405 1082 2483 deus,
1105 2405 1135 2468 si
1157 2407 1236 2488 quis

182 2511 265 2569 tunc
279 2505 432 2569 minuere
445 2504 607 2583 uoluerit,
623 2512 769 2570 mortem
785 2504 990 2590 supplicium
1005 2525 1083 2569 cum
1096 2505 1234 2570 diabolo

181 2607 218 2669 in
233 2612 410 2671 aeternum
426 2605 472 2669 sit
486 2623 621 2687 passus.

610 2903 814 2970 ccxxx.

329 3068 350 3111 *
366 3020 662 3131 nnonnnnic
687 3065 751 3129 ou
774 3064 993 3145 wnssmc
1014 3063 1090 3130 sor.

239 3209 279 3289 »1⁴
294 3207 339 3270 Iu
363 3206 502 3272 nomine
526 3206 771 3289 omnipotentis
798 3206 943 3289 piissimi
972 3207 1151 3289 genitoris,
1177 3207 1238 3290 qui

184 3314 385 3371 cunctorum
408 3309 577 3372 bonorum
606 3307 754 3371 donator
779 3315 833 3371 est
862 3314 897 3371 et
920 3315 1145 3372 conseruator
1165 3307 1237 3390 poli

184 3405 404 3490 hiemisperii‚
425 3407 586 3489 orbisque
607 3406 694 3483 arui,
717 3407 817 3489 ponti
843 3406 1022 3469 fluminum
1044 3413 1180 3470 creator
1201 3415 1237 3472 et

185 3506 408 3587 gubernator,
446 3514 551 3588 atque
588 3506 684 3570 solus
710 3507 818 3571 totius
851 3505 970 3569 mundi
1002 3506 1236 3572 monarchiam

187 3609 327 3672 tenens!
390 3607 461 3672 Sub
492 3606 589 3671 cuius
625 3611 713 3669 nutu
741 3625 781 3669 ac
808 3605 999 3670 dominicae
1027 3605 1237 3674 defensionis

187 3705 354 3788 almigera
378 3708 535 3784 dextera,
558 3707 634 3789 Ego
659 3705 850 3770 Brihtricus
861 3725 924 3769 rex
938 3707 1036 3788 regni
1048 3707 1237 3788 regimonio

187 3805 403 3888 dispensans,
429 3808 580 3889 aliquam
603 3807 793 3889 portionem
817 3813 930 3870 terrae
953 3805 1079 3870 deuoto
1102 3814 1137 3870 et
1160 3826 1238 3871 cum
1341 3827 1343 3832 ·

188 3907 281 3970 omni
296 3906 411 3971 studio
427 3908 584 3972 ministro
595 3905 720 3971 affectu
731 3905 929 3970 fidelissimo
940 3905 1067 3970 Lullan
1079 3906 1239 3990 principi,

188 4025 293 4088 quam
316 4027 361 4070 ex
381 4027 446 4072 sua
467 4007 607 4090 propria
622 4006 788 4086 facultate
806 4007 843 4069 in
857 4006 1003 4089 pecunia
1017 4007 1241 4088 comprobata

190 4114 225 4171 et
246 4108 466 4190 beneplacita
488 4107 699 4190 adquirendo
720 4107 919 4190 plenissimo
939 4107 1073 4188 praetio
1097 4125 1119 4170 a
1142 4106 1242 4170 nobis

191 4209 418 4292 comparabit,
433 4209 492 4272 ubi
506 4215 590 4273 nota
602 4208 834 4292 appellatione
856 4206 1027 4271 Saxonice
1043 4206 1176 4272 Eastun
1191 4205 1243 4270 di-
