3188 5032
215 479 219 486 -
329 433 394 497 106
588 445 760 494 curarat
783 444 1125 493 ancnosnxoruonn.

330 604 511 670 constituit
532 603 740 668 seruandum
760 602 811 666 ita
829 621 892 685 per
913 603 1029 668 omnia
1050 602 1334 686 irrefragabiliter
1348 609 1384 667 et

330 704 589 770 immutabiliter
610 703 797 787 perdurare
815 703 1056 786 praecipims.
1109 703 1146 767 Si
1164 705 1242 786 quis
1267 710 1382 768 autem

329 826 450 888 regum
478 822 712 868 successorum
742 809 938 867 nostrorum
965 823 1027 868 seu
1057 805 1296 887 episcoporum
1321 823 1381 867 seu

328 905 523 989 principum
537 903 602 967 hoc
617 903 755 967 salubre
770 903 945 967 decretum
959 901 1146 986 infringere
1161 905 1383 987 temptauerit

328 1005 452 1070 reddat
488 1005 657 1068 rationem
686 1004 750 1067 deo
786 1003 1013 1085 omnipotenti
1043 1005 1080 1068 in
1108 1004 1163 1068 die
1192 1004 1380 1068 tremendo.

327 1107 358 1170 si
382 1113 498 1172 autem
520 1122 634 1168 comes
659 1104 841 1186 presbyter
864 1102 1030 1168 diaconus
1053 1104 1198 1168 clericus
1227 1104 1284 1168 uel
1308 1123 1381 1168 mo·

326 1206 460 1271 nachus
481 1204 565 1268 ¹huic
585 1203 824 1270 constitutioni
845 1204 1011 1268 restiterit
1033 1205 1079 1269 sit
1092 1223 1162 1268 suo
1186 1205 1297 1286 gradu
1310 1205 1381 1286 pri-

326 1313 431 1371 uatus
460 1310 543 1370 eta
577 1304 842 1387 participatione
872 1305 1025 1387 corporis
1050 1312 1086 1368 et
1111 1305 1290 1386 sanguinis
1319 1304 1381 1368 do·

326 1406 415 1472 mini·
424 1412 605 1488 separatus
627 1412 663 1468 et
686 1404 819 1469 alienus
834 1421 856 1466 a
871 1424 980 1486 reguo
993 1404 1049 1468 dei
1063 1404 1131 1468 nisi
1149 1411 1230 1468 ante
1251 1403 1381 1487 placita

325 1505 562 1571 satisfactione
585 1505 823 1569 emandauerit
837 1504 929 1585 quod
950 1505 1042 1568 malo
1063 1504 1382 1587 superbiaeinique

326 1608 436 1689 gessit
460 1606 626 1688 scriptum
651 1612 704 1669 est
724 1604 815 1668 enim
838 1623 1064 1687 quaecunque
1086 1605 1249 1686 ligaueris
1278 1623 1382 1687 super

327 1714 455 1771 terram
469 1713 571 1769 erunt
584 1705 694 1786 ligata
712 1711 747 1768 et
768 1703 807 1766 in
826 1704 922 1768 coelo
945 1712 981 1769 et
996 1723 1221 1788 quaecunque
1236 1705 1381 1769 solueris

327 1814 572 1890 superterram
589 1812 690 1869 erunt
706 1803 821 1868 soluta
836 1805 922 1867 etin
939 1805 1047 1870 coelo.

383 1909 422 1988 »14
454 1926 519 1988 ego
542 1904 715 1970 ethelbald
740 1924 804 1968 rex
824 1903 943 1968 diuino
963 1903 1129 1988 suffragio
1144 1903 1251 1969 fultus
1267 1905 1380 1987 gentis

325 2006 530 2070 merciorum
558 2024 682 2088 regens
711 2004 893 2088 imperium
923 2005 1062 2087 signum
1097 2012 1240 2069 sanctae
1268 2005 1380 2070 crucis

327 2106 517 2170 subscribo.

383 2207 423 2286 »14
443 2225 509 2289 ego
522 2202 722 2270 cuthbertus
737 2203 1015 2288 archiepiscopus
1025 2203 1167 2288 propria
1182 2223 1289 2269 manu
1299 2206 1379 2270 sub·

326 2305 461 2388 scripsi.
553 2361 555 2364 .

326 2457 328 2464 .
381 2408 420 2487 »14
442 2422 508 2487 ego
520 2402 619 2467 uuita
633 2403 814 2492 episcopus
828 2404 988 2468 consensi
1002 2411 1038 2469 et
1053 2405 1252 2488 subscripsi.

346 2572 350 2580 ,
382 2507 421 2586 »14
442 2524 507 2587 ego
521 2502 708 2567 torhthelm
724 2504 906 2586 episcopus
921 2507 1080 2571 consensi
1095 2512 1130 2569 et
1144 2504 1343 2588 subscripsi.

324 2611 329 2669 ζ
385 2608 424 2687 »14
445 2624 510 2687 ego
525 2602 672 2668 wilfredi
686 2604 791 2686 episc.
806 2623 901 2668 cons.
918 2613 954 2670 et
968 2606 1063 2682 subs.

323 2752 337 2768 .,
382 2707 422 2786 »14
443 2725 508 2788 ego
523 2703 707 2768 cuthberht
722 2704 827 2786 episc.
842 2724 938 2768 cone.
955 2711 991 2769 et
1002 2706 1096 2770 subs.

384 2808 425 2888 »14
447 2825 512 2888 ego
527 2802 665 2871 huctlac
679 2804 785 2886 episc.
799 2823 894 2868 cons.
909 2812 945 2869 et
958 2805 1053 2870 subs.

381 2906 422 2986 »14
442 2923 507 2987 ego
520 2902 670 2967 eanfrith
683 2904 788 2986 episc.
803 2923 898 2969 cons.
913 2912 949 2969 et
963 2906 1056 2970 subs.

384 3007 423 3086 »14
446 3025 511 3088 ego
527 3003 645 3086 egclaf
655 3004 760 3086 episc.
775 3023 871 3068 cons.
888 3010 924 3068 et
939 3005 1034 3069 subs.

323 3163 325 3168 ,
384 3107 423 3186 »14
444 3124 509 3187 ego
525 3103 644 3186 aluuig
658 3104 763 3187 episc.
779 3097 874 3168 cons.
892 3113 927 3169 et
941 3104 1035 3168 subs.

382 3207 423 3287 »14
445 3225 509 3288 ego
524 3203 687 3270 hunwald
704 3204 789 3287 epis.
807 3223 902 3268 cons.
918 3212 952 3268 et
967 3205 1061 3270 subs.

381 3306 427 3386 »14.
441 3325 507 3387 ego
521 3304 637 3369 daniel
651 3303 757 3387 episc.
774 3312 921 3368 conset
935 3305 1029 3369 subs

381 3406 422 3486 »14
440 3425 506 3488 ego
521 3403 692 3468 aldwuulf
700 3405 805 3487 episc.
821 3423 916 3468 cons.
932 3410 968 3468 et
981 3405 1075 3469 subs.

322 3548 325 3554 -
382 3507 421 3586 »14
441 3525 507 3588 ego
522 3503 708 3568 aethelfrith
722 3502 826 3586 episc.
842 3523 937 3568 cons.
952 3512 987 3568 et
1000 3507 1094 3568 subs.

321 3646 328 3653 ·
381 3606 421 3685 »14
439 3624 505 3686 ego
520 3602 690 3669 herewald
706 3604 810 3686 episc.
825 3623 920 3668 cone.
936 3612 972 3669 et
986 3605 1080 3668 subs.

381 3704 421 3786 »14
440 3724 505 3788 ego
520 3704 641 3786 sigcga
655 3704 760 3785 episc.
774 3721 869 3767 cons.
885 3711 921 3767 et
935 3705 1028 3768 subs.

382 3805 423 3885 »14
440 3824 506 3888 ego
520 3801 669 3868 redwulf
679 3802 764 3885 epis
781 3822 875 3867 cons.
891 3812 927 3869 et
941 3805 1034 3868 subs.

224 3929 226 3932 ·
342 3963 344 3967 s
382 3906 423 3986 »14
442 3924 508 3986 ego
521 3904 578 3968 ola
591 3903 758 3986 patricius
773 3923 867 3968 cons.
882 3912 918 3969 et
931 3905 1024 3968 subs.

322 4045 325 4051 ,
383 4005 423 4084 »14
443 4024 508 4086 ego
522 4003 693 4068 aldwuulf
704 4003 776 4067 dux
789 4023 884 4068 cons.
900 4012 936 4068 et
949 4005 1043 4068 subs.

326 4115 328 4120 ’
383 4105 422 4184 »14
443 4124 508 4188 ego
523 4104 706 4169 aethelmod
720 4104 846 4168 indolis
862 4104 971 4168 Mero.
988 4122 1082 4169 cons.
1099 4109 1135 4167 et
1150 4102 1246 4168 subs.

382 4204 423 4284 »14
442 4224 506 4288 ego
521 4204 728 4284 beardberht
742 4206 814 4269 dux
827 4225 923 4270 cous.
941 4212 977 4271 et
990 4206 1084 4270 subs.
