3168 5028
363 489 425 555 xiv
716 501 1024 551 munouuourou.

366 683 444 747 gera
467 670 673 748 praesumat,
696 681 787 746 quae
808 662 1055 728 uenerabilium
1074 661 1222 726 uirorum
1238 660 1368 726 fuerint

363 765 480 830 uerbis
496 763 705 828 confirmatu.
1035 763 1233 842 Heaoored,
1246 763 1321 828 789.

406 867 459 931 16.
484 865 579 930 Iuste
595 885 616 930 a
631 864 731 929 uobis
749 862 892 947 pietatis
906 882 1013 946 opera
1032 864 1261 948 persoluenda
1274 872 1365 929 sunt.

364 967 488 1043 Idciro,
503 974 569 1030 etc.
928 965 1006 1030 Olla
1020 964 1060 1028 os
1069 965 1212 1042 Mercia,
1227 1001 1322 1028 -—.

405 1071 457 1133 17.
480 1067 533 1132 Ea
552 1087 642 1149 quae
660 1067 847 1131 secundum
866 1066 1135 1131 ecelesiasticam
1147 1066 1365 1150 disciplinam

362 1191 403 1236 ac
418 1170 600 1254 synodalia
618 1169 759 1232 decreta
779 1167 961 1232 salubriter
974 1168 1191 1244 definiuntur,
1205 1170 1365 1252 quamuis

360 1273 456 1337 solus
486 1291 598 1337 sermo
628 1271 806 1347 sufficeret,
833 1278 958 1347 tamen,
987 1288 1048 1352 pro
1072 1269 1236 1334 euitanda
1259 1269 1364 1333 futuri

361 1374 526 1458 temporis
548 1373 780 1454 ambiguitate,
795 1372 1004 1436 fidelissimis
1022 1371 1198 1455 scripturis
1213 1377 1248 1434 et
1260 1370 1365 1436 docu-

360 1478 486 1540 mentis
501 1481 582 1540 sunt
596 1473 842 1539 commendata.
888 1473 1115 1556 Quapropter,
1129 1479 1193 1537 etc.

1023 1573 1231 1652 Deneberht,
1244 1573 1319 1639 808.

402 1679 455 1744 18.
477 1678 575 1743 Licet
596 1697 706 1742 sermo
724 1678 933 1761 sapientium
952 1677 1199 1758 consiliumque
1218 1677 1364 1760 prudeu-

360 1781 447 1845 tium
471 1778 606 1843 stabilis
635 1787 845 1861 permaneat,
871 1784 987 1842 tamen
1017 1778 1061 1840 ob
1088 1777 1362 1842 incertitudinem

360 1879 595 1962 temporalium
633 1897 744 1941 rerum
782 1878 907 1941 diuinis
947 1878 1142 1942 numinibus
1180 1879 1362 1942 muniendo

359 1977 638 2062 praescrutando,
658 1995 720 2058 pro
739 1977 864 2058 ignotis
877 1984 912 2040 et
929 1977 1067 2041 incertis
1082 1978 1216 2041 euentis
1231 1979 1363 2042 stabili·

358 2081 447 2144 enda
460 2077 717 2160 roborandaque
731 2078 768 2140 in
787 2078 853 2141 deo
868 2079 970 2142 unico
985 2086 1020 2142 et
1033 2097 1114 2143 uero
1130 2086 1219 2143 sunt.
1266 2079 1361 2158 Qua-

358 2186 506 2262 propter,
522 2184 587 2241 etc.
847 2176 1028 2242 Cbenwulf
1037 2179 1077 2241 of
1085 2179 1227 2258 Marcia,
1242 2180 1316 2244 814.

410 2280 464 2345 19.
489 2279 574 2344 Cum
601 2287 726 2343 cuncta
749 2279 876 2343 cotidie
899 2278 1065 2362 iugitiuae
1088 2280 1183 2345 uitae
1205 2289 1360 2365 tempora

356 2381 530 2464 prosperis
565 2386 601 2444 et
634 2380 789 2444 aduersis
819 2381 935 2445 causis
964 2381 1149 2447 consistere
1180 2384 1359 2460 cernimus,

354 2481 574 2564 rapidissimo
593 2499 695 2544 cursu
713 2500 879 2545 annorum
895 2482 1010 2564 spatia
1024 2500 1270 2565 regnorumque
1284 2483 1359 2548 ubi·

355 2604 422 2666 que
441 2582 567 2664 gaudia
586 2581 684 2645 finita
703 2601 790 2660 esse,
808 2583 1099 2648 manifestissimis
1119 2585 1225 2665 signis
1245 2585 1359 2649 decla·

354 2691 466 2748 ratum
481 2688 544 2746 est.
590 2681 819 2763 Quapropter,
833 2691 898 2746 eto.
1045 2683 1225 2766 Ecgberbt,
1239 2685 1314 2750 833.

397 2783 450 2846 20.
474 2781 632 2862 Regnum
655 2781 711 2844 dei
734 2783 965 2864 quaerendum
991 2790 1046 2846 est
1070 2803 1173 2866 super
1197 2787 1358 2851 uniuersa

261 2899 263 2904 ·
354 2884 452 2947 lucra
476 2891 618 2959 terrena,
643 2881 753 2946 Paulo
779 2889 929 2947 testante
956 2885 1131 2967 apostolo;
1154 2906 1243 2969 quae
1268 2890 1357 2953 euim

354 2983 516 3047 uidentur
540 2983 744 3065 temporalia
770 2991 862 3061 sunt,
891 2984 951 3048 sed
980 3004 1069 3068 quae
1098 3005 1168 3050 non
1196 2987 1358 3054 uidentur

354 3091 496 3149 aeterna
510 3092 601 3148 sunt.
647 3082 741 3162 Quid
760 3085 900 3167 prodest
917 3085 1047 3150 homiui
1066 3094 1177 3152 totum
1194 3090 1355 3156 mundum

352 3187 498 3262 lucrare,
513 3186 543 3249 si
559 3185 675 3250 anima
695 3186 769 3251 eiua
788 3185 1027 3252 detrimentum
1045 3190 1216 3272 patieturl
1261 3191 1357 3271 Qua-

352 3293 580 3370 propter,etc.
888 3288 1072 3370 ngltfof
1082 3289 1312 3369 Mereia,836.

305 3410 312 3426 ¹
393 3388 447 3452 21.
472 3388 597 3453 Omnia
607 3407 712 3471 regna
723 3390 823 3453 huius
834 3390 982 3456 labentis
993 3391 1098 3472 uitae,
1109 3411 1356 3480 regnorumque

351 3491 606 3574 dispensatores
626 3492 670 3555 ab
690 3491 789 3555 initio
807 3493 908 3557 istius
927 3495 1057 3559 saeculi
1077 3514 1154 3558 cnm
1168 3495 1354 3561 uelocitate

349 3591 546 3656 deficientes
572 3591 787 3673 ceciderunt3
819 3594 898 3657 ideo
920 3595 1075 3676 fugitiuis
1097 3602 1133 3659 et
1152 3597 1354 3663 mortalibus

348 3695 450 3758 rebus
464 3701 605 3758 aeterna
618 3694 745 3776 gaudia
755 3695 977 3778 promerenda
990 3703 1080 3760 sunt.
1123 3695 1354 3780 Quapropter,

349 3798 415 3856 etc.
782 3792 993 3858 Aedelberbt
1007 3794 1046 3857 os
1055 3793 1218 3874 Wessex,
1232 3797 1307 3862 862.

390 3892 443 3956 22.
465 3893 603 3958 Saeenli
617 3911 765 3977 namque
779 3894 927 3958 labentis
940 3903 1094 3977 tempora
1108 3897 1198 3960 sicut
1212 3900 1352 3963 umbrae

346 3994 516 4075 fugientes
536 3997 586 4059 sic
612 3996 777 4061 uelociter
800 4003 955 4077 tranant;
981 3999 1147 4081 uarieque
1166 4006 1351 4064 euentuum

347 4102 461 4159 status
480 4096 517 4159 in
536 4098 760 4178 cogitationes
781 4098 955 4162 bominum
977 4099 1220 4162 conscendunt.
1267 4099 1351 4164 Ideo

345 4213 464 4259 omnes
492 4195 605 4259 firmas
636 4199 844 4262 statutiones
873 4204 1009 4262 nostras
1042 4197 1229 4261 litterarum
1263 4201 1350 4263 serie
