3188 5032
308 381 353 445 80
563 395 735 444 cnnnrnn
759 383 1102 441 nnonosnxonrcnd.

313 555 352 634 »14
370 552 447 634 Ego
469 551 688 636 Inguulphus
710 553 890 636 presbyter
910 541 946 616 et
966 550 1105 614 humilis
1124 547 1280 612 minister
1302 564 1364 610 uo*

308 661 408 716 catus
436 653 566 716 audiui.
623 655 662 734 »14
679 652 757 735 Ego
785 650 1045 724 Aetbelbaldus,
1074 649 1155 713 licet
1188 647 1363 728 indignus,

307 753 477 836 patientia
497 760 613 818 tamen
636 753 754 816 diuina
776 753 874 835 regni
898 750 1107 816 Merciomm
1131 767 1213 830 gero
1239 748 1364 828 guber-

309 853 444 929 nacula,
460 871 595 915 summa
608 872 686 917 cum
708 853 833 916 fiducia
855 851 989 916 auctori
1007 868 1084 913 meo
1098 847 1238 912 Christo
1260 847 1363 910 redeo

308 952 503 1016 humiliter:
543 952 586 1016 de
612 972 681 1036 quo
718 953 917 1035 prophetice
956 949 1118 1014 scribitur
1146 947 1184 1011 in
1216 946 1363 1030 psalmo,

309 1050 553 1116 Miserationes
581 1053 655 1116 eius
681 1053 925 1134 superomnia
947 1067 1054 1133 opera
1081 1047 1176 1127 eius;
1210 1046 1362 1110 eiusdem

308 1152 430 1234 pietati
445 1172 499 1216 mc
514 1158 625 1216 totum
641 1153 818 1230 submitto,
834 1159 870 1216 ct
884 1158 1027 1216 sanctae
1042 1147 1163 1212 matris
1175 1145 1362 1210 aecclesiae

308 1252 479 1335 precibus,
494 1252 737 1335 beneficiisque
751 1252 988 1336 spiritualibus
1004 1247 1219 1315 commendo.

753 1613 921 1681 LXVII.

552 1777 906 1858 AETHELBALD,
927 1777 1120 1845 716-717.

366 1945 476 2030 »141Ν
514 1947 652 2011 nomine
689 1947 820 2011 domini
858 1945 986 2010 Ibesu!
1042 1944 1117 2028 Ego
1151 1942 1362 2022 Aetbilbald

311 2067 356 2110 ex
382 2046 501 2110 diuina
523 2047 781 2130 dispensatione
808 2046 1040 2111 Mercensium
1067 2063 1142 2122 rex,
1168 2052 1311 2126 rogatus
1342 2063 1364 2108 a

311 2153 434 2210 sancta
462 2146 595 2211 familia
624 2146 756 2211 christi
793 2145 996 2211 consistenti
1030 2146 1067 2208 in
1100 2144 1177 2209 loco
1211 2145 1268 2208 cui
1297 2164 1360 2208 no·

312 2265 391 2310 men
424 2254 478 2311 cst
514 2246 794 2329 Uigranceastrc,
828 2246 980 2328 aliquam
1011 2243 1124 2326 ‘agelli
1159 2251 1293 2327 partem
1325 2245 1362 2307 in

312 2364 382 2429 qua
405 2346 459 2409 sal
479 2346 601 2410 confici
621 2347 721 2424 solet,
736 2347 781 2410 ad
796 2345 1021 2410 meridianam
1040 2344 1181 2427 plagam
1209 2343 1360 2406 fluminis

311 2445 403 2528 quod
428 2445 548 2510 dicunt
570 2445 772 2529 Saluuerpe,
794 2446 831 2508 in
852 2444 929 2509 loco
953 2445 1013 2527 qui
1035 2443 1163 2508 dicitur
1189 2442 1361 2507 Lootuuic

213 2621 215 2626 ,
311 2551 347 2609 et
362 2544 567 2628 Coolbeorg,
581 2545 625 2608 ad
640 2545 889 2610 construendos
904 2552 975 2609 tres
995 2543 1132 2608 casulos
1155 2549 1190 2606 et
1216 2562 1280 2606 sex
1301 2561 1360 2606 ca-

260 2685 263 2692 *
311 2644 434 2722 minos,
450 2664 514 2727 pro
535 2645 770 2729 redemptione
791 2644 928 2708 animae
950 2663 1059 2722 meae,
1073 2644 1108 2707 in
1131 2642 1362 2706 uoluntariam

312 2743 511 2826 possidendi
534 2744 741 2823 libertatem,
755 2744 949 2810 concedens
967 2744 1123 2822 donabo;
1148 2761 1212 2805 sex
1232 2743 1320 2806 alios
1342 2760 1365 2805 a

312 2843 513 2927 supradicta
524 2842 655 2909 Christi
677 2845 809 2910 familia
822 2845 987 2922 caminos,
1002 2843 1040 2907 in
1064 2841 1200 2906 duobus
1223 2842 1364 2919 casulis,

311 2942 497 3026 inquibus
521 2944 678 3010 similiter
704 2945 758 3009 sal
784 2944 975 3021 conficitur,
1001 2942 1150 3006 uicarios
1175 2942 1360 3024 accipiens,

312 3043 357 3108 ad
379 3043 612 3126 aquilonalem
639 3044 801 3109 uidelicet
834 3051 970 3126 partem
1003 3041 1155 3106 fluminis
1184 3041 1364 3107 memorati

311 3141 369 3206 cui
392 3144 599 3210 uocabulum
617 3152 671 3211 est
689 3144 893 3226 Saluuerpc.
938 3141 1044 3208 Hanc
1066 3148 1182 3206 autem
1207 3150 1363 3206 mutuam

313 3242 583 3308 uicissitudinem
596 3244 723 3310 idcirco
738 3244 860 3309 secisse
874 3262 939 3307 nos
953 3249 1104 3320 constat,
1114 3241 1198 3325 quia
1207 3241 1364 3323 utrisque

312 3343 415 3407 nobis
427 3343 540 3426 magis
553 3351 673 3427 aptum
688 3364 763 3410 esso
778 3343 891 3408 uisum
907 3350 975 3408 cst.

330 3523 331 3526 Ἴ
368 3445 408 3525 »14
426 3440 530 3506 Hanc
552 3452 669 3509 autem
700 3445 895 3509 libertatem
920 3461 986 3524 ogo
1016 3437 1278 3517 Aethelbuldus,
1301 3457 1364 3504 rex

314 3541 536 3620 Merciorum,
550 3544 651 3626 signo
665 3552 806 3610 sanctae
821 3543 932 3610 crucis
949 3541 1171 3607 confirmabo.
1227 3542 1267 3622 »14
1288 3539 1365 3622 Ego

314 3641 497 3724 Eguuinus
512 3642 705 3726 episcopus
748 3647 789 3727 »14
804 3643 880 3726 Ego
898 3640 1093 3707 Uuilfridus
1103 3641 1191 3704 dux.
1231 3642 1271 3721 »14
1288 3639 1365 3721 Ego

313 3738 553 3806 Aetbeluuard
575 3742 659 3807 dux.
721 3746 761 3826 »14
778 3744 855 3826 Ego
879 3741 1055 3823 Stronglic
1081 3740 1167 3804 dux.
1230 3741 1270 3820 »14
1290 3739 1366 3821 Ego

314 3840 518 3922 Sigberbtus
554 3844 720 3908 minister.
801 3847 840 3926 »14
873 3842 950 3924 Ego
986 3836 1163 3904 Eodberht
1198 3839 1365 3903 minister.

319 3941 359 4024 »1
375 3941 452 4023 Ego
468 3941 546 4006 Oba
558 3943 725 4009 minister.
782 3946 822 4026 »14
843 3943 919 4025 Ego
935 3939 1091 4006 Eaduuls
1099 3938 1267 4004 minister.
