3188 5032
453 419 625 474 susurru
648 423 990 472 nucnosAxourcun.
1201 411 1245 474 65

195 581 370 648 traditore.
423 584 460 648 si
476 583 552 667 quis
575 591 690 648 autem
715 582 876 646 beniuolo
899 584 1013 648 animo
1037 603 1165 668 augere
1181 606 1243 649 uo·

194 684 307 760 luerit,
322 691 450 766 augeat
466 685 550 750 deus
565 691 699 766 partem
720 682 812 746 illius
831 703 908 746 cum
922 683 1014 748 fideli
1033 684 1168 750 latrone
1183 686 1245 768 qui

194 784 318 848 meruit
337 783 467 861 audire,
483 783 599 847 Hodie
621 803 754 847 mecum
774 783 841 846 eris
863 783 900 846 in
917 784 1089 865 paradiso.
1116 825 1120 836 ·
1142 786 1246 849 Haec

193 891 291 948 carta
310 884 440 967 scripta
460 891 513 947 est
531 903 623 948 anno
643 882 834 947 dominicae
853 883 1102 949 incarnationis
1123 903 1241 951 naevi.

195 983 274 1047 Ind.
291 1001 360 1050 rur.

248 1085 287 1164 »14
304 1084 381 1166 Ego
403 1082 660 1148 Aetheluueard
683 1083 887 1165 subregulus
909 1083 1000 1147 hanc
1023 1083 1243 1147 donationem

193 1202 305 1248 meam
320 1183 553 1248 confirmando
566 1184 666 1265 signo
681 1191 822 1247 sanctae
835 1184 946 1247 crucis
957 1183 1099 1246 muniui.
1120 1182 1244 1265 ›14Ego

195 1282 394 1348 Coenredus
423 1284 478 1347 dei
503 1283 593 1347 dono
618 1304 682 1347 rex
706 1283 926 1360 Marciorum,
950 1290 1095 1366 rogante
1123 1302 1177 1346 me
1208 1291 1245 1348 et

193 1385 395 1448 obsecrante
405 1383 585 1464 Ecguuino
594 1382 791 1448 uenerando
800 1384 974 1466 episcopo,
986 1382 1130 1446 eandem
1141 1382 1244 1447 liber-

192 1484 276 1548 tatis
290 1483 511 1546 donationem
530 1482 664 1545 telluris
678 1482 742 1545 boc
757 1490 811 1547 est
831 1483 869 1545 in
884 1480 1121 1563 Ambreslege,
1139 1501 1243 1564 quam

192 1581 449 1648 Aetheluueard
478 1583 680 1664 subregulus
707 1581 928 1646 Uuicciorum
951 1602 1005 1645 me
1034 1581 1244 1646 concedente

191 1683 338 1747 donauit
363 1681 550 1746 aecclesiae
576 1683 699 1746 beatae
723 1680 866 1759 Mariae,
895 1701 959 1764 pro
988 1699 1050 1764 spe
1077 1682 1243 1745 mercedis

191 1790 352 1847 aeternae
364 1781 553 1845 concedens
568 1781 715 1858 donabo,
729 1789 765 1845 et
780 1781 880 1863 signo
896 1781 1007 1845 crucis
1023 1780 1153 1846 Christi
1167 1802 1243 1844 mu·

192 1883 260 1946 nio.
318 1881 451 1964 »14Εςο
479 1881 693 1945 Berhtuuald
718 1881 997 1964 archiepiscopus
1020 1881 1110 1944 hanc
1135 1882 1243 1946 dona·

191 1983 320 2046 tionem
351 1981 557 2045 confirmans
581 1981 779 2063 subscripsi.
836 1981 969 2062 »14Εςο
998 1980 1121 2045 Eadda
1152 1982 1242 2064 epis-

190 2100 297 2164 copus
320 2081 480 2146 consensi
509 2088 544 2146 et
576 2080 774 2163 subscripsi.
831 2082 870 2161 »14
886 2081 962 2162 Ego
995 2081 1125 2145 Tobios
1152 2083 1246 2163 epis‘

191 2200 298 2265 copus
327 2181 486 2245 consensi
512 2189 548 2245 et
574 2181 773 2263 subscripsi.
823 2181 862 2260 »14
878 2180 955 2262 Ego
982 2180 1122 2262 Eadgar
1152 2182 1242 2264 epis·

191 2300 298 2365 copus
326 2280 524 2362 subscripsi.
578 2281 618 2360 »14
633 2279 709 2362 Ego
733 2279 931 2344 Nothberht
954 2281 1136 2362 episcopus
1161 2282 1242 2345 sub·

190 2381 323 2464 scripsi.
380 2381 419 2460 »14
435 2381 511 2462 Ego
539 2378 733 2443 Cuthberht
761 2398 875 2443 comes
908 2379 1130 2443 Uuicciorum
1162 2399 1244 2444 con-

190 2482 283 2545 sensi
297 2488 332 2545 et
345 2479 542 2562 subscripsi.
599 2480 638 2559 »14
653 2477 730 2559 Ego
747 2479 900 2542 Eadbert
914 2497 1028 2542 comes
1044 2479 1245 2561 subscripsi.

195 2583 234 2662 »14
252 2581 329 2662 Ego
353 2580 476 2662 Eoppa
497 2597 611 2643 comes
638 2579 836 2660 subscripsi.
893 2579 932 2658 »14
949 2578 1025 2659 Ego
1051 2577 1245 2644 Cuthberht

189 2697 304 2744 comes
326 2679 524 2761 subscripsi.
580 2679 620 2758 »14
635 2678 711 2760 Ego
728 2677 1024 2759 Omulungabbas
1044 2679 1244 2760 subscripsi.

195 2782 234 2861 »14
256 2780 331 2860 Ego
363 2778 501 2843 Uuecta
530 2779 638 2842 abbas
670 2778 869 2861 subscripsi.
926 2776 1063 2859 »14Εςο
1094 2777 1244 2843 Truttuc

188 2879 388 2961 subscripsi.
444 2880 484 2960 »14
501 2874 578 2959 Ego
601 2877 727 2941 Uuada
741 2878 947 2960 subscripsi..

656 3174 777 3241 uvu.

255 3324 277 3369 s
301 3287 592 3389 Anrnnnuic
617 3320 681 3389 or
704 3320 808 3386 run
833 3319 1176 3398 sulcensem.

245 3476 648 3558 ›14Eu1nnu‘r1n‘rerum
672 3471 908 3554 experimenta
928 3469 1106 3534 declarant
1128 3487 1243 3532 cassa-

190 3575 341 3669 bundum
362 3575 560 3639 mortalium
579 3574 687 3637 uitam
710 3570 898 3635 innumeris
921 3569 1046 3634 cotidie
1066 3568 1244 3632 calamita·

190 3675 282 3739 tibus
296 3675 500 3756 constringi,
515 3676 566 3737 ita
585 3672 769 3736 dumtaxat
789 3677 830 3733 ut
844 3670 888 3733 ab
908 3668 974 3732 hiis
991 3669 1115 3749 quibus
1135 3668 1245 3732 teneri

84 3856 86 3860 y
190 3793 232 3838 ac
246 3775 413 3857 possideri
436 3780 616 3856 putantur,
631 3777 773 3853 repente
796 3775 1037 3833 momentaneo
1060 3766 1244 3832 interuallo

189 3875 381 3956 lugubriter
419 3878 644 3938 euanescunt.
698 3867 833 3934 Idcirco
871 3867 1018 3949 singulis
1053 3867 1245 3948 quibusque

190 3973 348 4038 sollerter
370 3973 578 4038 studendum
593 3978 657 4047 est,
672 3968 755 4032 dum
768 3967 904 4032 indulta
918 3975 1110 4048 temporum
1132 3965 1246 4047 spatia

190 4073 245 4140 dei
259 4082 347 4138 nutu
361 4091 528 4139 concessa
544 4070 730 4147 sustinent,
738 4087 783 4132 ne
798 4068 873 4131 sine
887 4065 1001 4130 fructu
1015 4065 1245 4149 spiritualium

189 4174 361 4238 uirtutum
403 4173 542 4237 easdem
570 4167 726 4234 inducias
754 4176 982 4234 transeamus.
1035 4165 1170 4230 Idcirco
1209 4166 1246 4236 in

1076 4283 1095 4329 u
