3112 5032
327 429 396 494 206
586 441 759 490 cusanus
782 440 1124 490 suenosuxoutcln.

327 600 475 685 posteris
495 601 623 665 cadant
638 621 683 666 ex
698 601 862 666 memoria
876 599 1154 683 praecedentium
1169 599 1308 665 decreta
1320 619 1383 683 pa·

327 710 431 778 trum,
443 700 655 766 Graecorum
672 701 716 764 ad
733 701 798 765 hoc
812 700 925 764 inbuti
933 699 1100 782 exemplis
1116 700 1208 781 [qui]
1220 701 1384 782 quicquid

327 803 415 866 scire
440 802 564 866 uolunt
584 801 710 865 litteris
733 802 886 876 tradunt,
910 818 953 864 nc
976 819 1021 863 ex
1040 800 1204 864 memoria
1225 801 1382 880 lauetur;

328 909 450 986 estque
474 902 573 966 nobis
599 921 740 966 necesse
764 900 1084 984 praemeditandum
1107 901 1144 964 in
1164 900 1384 982 uagabundis

326 1002 537 1085 temporibus
562 1002 703 1079 saeculi,
719 1001 890 1084 quomodo
914 999 959 1063 ad
982 1008 1159 1064 aeternam
1182 1000 1384 1066 felicitatem

325 1103 506 1186 peruenire
524 1100 725 1181 ualeamus;
748 1102 830 1184 quia
854 1106 981 1164 cuncta
1002 1105 1092 1184 qu‘ae
1108 1101 1271 1166 uidentur
1291 1100 1383 1182 fugi·

327 1203 401 1266 tiua
423 1208 506 1266 sunt
520 1221 560 1266 ac
575 1202 718 1279 calluca,
732 1220 820 1284 quae
844 1206 959 1266 autem
982 1221 1053 1267 non
1074 1201 1237 1265 uidentur
1256 1220 1382 1284 peren·

326 1303 418 1367 niter
431 1310 514 1368 sunt
527 1302 715 1366 manentia.
766 1300 847 1380 Qua
860 1300 903 1365 de
915 1321 953 1365 re
966 1320 1031 1384 ego
1047 1301 1197 1366 Headda
1211 1302 1383 1384 presbiter

325 1410 362 1467 et
384 1403 503 1480 abbas,
537 1404 581 1467 ob
610 1401 774 1467 honorem
805 1400 860 1464 dei
887 1407 923 1466 et
945 1401 1173 1466 reuerentiam
1204 1401 1381 1468 bominum

326 1504 517 1586 praeditus,
541 1504 674 1582 donans
698 1502 835 1566 donabo
861 1500 898 1566 in
926 1502 1123 1566 testimonio
1144 1502 1252 1566 totius
1275 1521 1381 1566 uene-

324 1604 443 1668 rabilis
465 1603 617 1668 familiae
644 1595 682 1667 in
705 1603 915 1684 Uueogerna
936 1609 1047 1668 cestre
1069 1621 1180 1666 meam
1206 1603 1382 1686 propriam

324 1701 594 1784 haereditatem
618 1702 682 1767 tali
705 1702 901 1768 conditione
918 1701 1074 1781 adfirmo,
1096 1702 1189 1786 quod
1208 1703 1275 1766 mei
1296 1702 1382 1770 bae·.

325 1803 424 1868 redes
446 1804 483 1868 in
505 1822 582 1868 mea
607 1802 824 1885 genealogia,
850 1803 888 1866 in
914 1803 1169 1868 aecclesiastico
1199 1803 1310 1885 gradu
1337 1805 1381 1869 de

323 1903 417 1967 uirili
438 1923 526 1968 sexu
550 1904 755 1987 percipiant,
769 1922 873 1986 quam
887 1902 947 1967 diu
968 1902 1005 1966 in
1023 1922 1101 1968 mea
1123 1904 1285 1987 prosapia
1307 1911 1380 1968 tam

324 2003 464 2085 sapiens
488 2010 524 2067 et
545 1990 747 2086 praesciens
764 2002 920 2067 inuenire
941 2010 1056 2086 potest
1076 2004 1136 2086 qui
1159 2004 1225 2067 rite
1250 2011 1285 2068 et
1304 2024 1380 2068 mo-

324 2103 455 2168 nastice
478 2103 768 2168 aecclesiasticam
791 2121 947 2167 normam
966 2122 1086 2185 regere
1106 2111 1222 2185 queat,
1237 2111 1273 2167 et
1287 2124 1379 2168 nun-

323 2223 428 2286 quam
443 2204 609 2286 potestati
625 2204 791 2268 laicorum
817 2202 994 2285 subdetur.
1047 2203 1239 2287 Postquam
1261 2212 1379 2268 autem

322 2304 359 2368 iu
373 2310 494 2369 nostra
506 2305 730 2386 generatione
741 2304 829 2367 tales
841 2303 1087 2368 aecclesiastici
1101 2305 1168 2368 uiri
1183 2304 1309 2382 desint,
1318 2306 1380 2388 qui

321 2403 456 2486 indigni
481 2410 516 2468 et
540 2402 641 2468 inscii
666 2423 743 2469 eam
766 2405 854 2467 bene
878 2403 1056 2468 moderare
1076 2409 1111 2468 et
1134 2424 1253 2487 regere
1276 2406 1379 2488 iguo-

322 2511 412 2582 rent,
435 2503 609 2587 praecipio
631 2505 723 2588 quod
746 2504 876 2588 absque
895 2503 967 2569 ullo
989 2505 1169 2570 obstaculo
1190 2506 1235 2570 ad
1259 2506 1379 2570 sedem

323 2605 553 2688 episcopalem
581 2605 619 2668 in
644 2604 855 2686 Uueogerna
881 2611 993 2668 cestre
1020 2604 1221 2684 reddantur,
1246 2606 1281 2671 id
1312 2613 1380 2684 est,

322 2711 381 2768 aet
406 2704 713 2786 Dogodesuuellan
735 2704 803 2768 aud
827 2710 886 2769 aet
908 2704 1109 2788 Tyreltune.
1161 2706 1272 2789 Super
1289 2705 1380 2771 haec

320 2805 427 2869 etiam
442 2804 553 2868 adicio
564 2811 600 2869 et
610 2805 705 2869 aliud
716 2823 814 2869 meae
823 2806 1050 2887 possessionis
1061 2805 1274 2889 praediolum
1283 2807 1378 2889 quod

223 2965 226 2972 .
322 2923 346 2967 a
359 2904 609 2988 circumpositis
629 2905 891 2987 cognominatur
913 2911 971 2970 aet
985 2905 1215 2984 Onnauduue,
1236 2926 1300 2989 pro
1322 2927 1378 2971 re-

322 3004 436 3068 medio
447 3005 582 3069 animae
591 3025 688 3070 meae
697 3012 733 3070 et
743 3004 927 3088 propinqui
942 3006 1009 3070 mei
1021 3003 1196 3071 Haberedi
1210 3006 1376 3090 episcopi,

322 3123 455 3168 necnon
468 3123 531 3186 pro
546 3105 659 3170 salute
673 3112 875 3170 cunctarum
886 3106 1078 3170 animarum
1089 3106 1208 3190 stirpis
1222 3113 1377 3184 nostrae,

323 3203 407 3286 quia
432 3203 591 3268 alumnus
620 3225 697 3270 sum
720 3205 813 3270 illius
839 3205 991 3270 familiae
1018 3214 1053 3271 et
1078 3207 1180 3273 iuxta
1199 3207 1377 3274 liminibus

321 3302 511 3368 aecclesiae
525 3303 764 3389 disciplinatus
780 3313 816 3370 et
830 3307 981 3372 nutritus
996 3305 1059 3372 sui.

771 3602 931 3669 CLXX.

511 3747 772 3817 ECGFRITH
800 3754 864 3818 OF
888 3749 1097 3831 MERCIA,
1118 3753 1195 3818 796.

378 3903 417 3984 ›1‹
438 3901 597 3968 Sancum
621 3920 770 3985 namque
791 3901 939 3966 labentis
954 3909 1110 3985 tempora
1124 3901 1215 3965 sicut
1236 3901 1381 3966 umbrae

320 4001 494 4083 fugientes
522 4003 572 4066 sic
606 4001 772 4068 uelociter
806 4009 960 4081 tranant,
999 4002 1161 4085 uarieque
1190 4009 1380 4066 euentuum

321 4108 435 4166 status
459 4101 497 4168 in
521 4104 751 4185 cogitationes
778 4103 955 4167 homiuum
979 4101 1227 4168 conscendunt.
1280 4101 1380 4181 Qua·

321 4208 462 4284 propter
488 4223 553 4286 ego
579 4202 763 4287 Ecglridus
793 4222 857 4268 rex
886 4202 1096 4268 Marciorum
1120 4202 1272 4268 concedo
1300 4222 1382 4268 meo
