3168 5028
337 511 387 576 liv
688 527 993 577 rurnonucrrort.

382 683 537 753 Another
550 687 710 752 exactior
724 684 764 752 of
779 683 837 753 the
853 705 947 753 same
962 683 1171 769 description
1186 701 1260 748 was
1278 681 1337 746 tbe

338 790 427 872 right
439 790 613 855 exercised
630 791 675 873 by
688 790 745 854 tbe
759 789 881 888 llings,
893 789 960 852 and
971 788 1119 871 perhaps
1131 786 1229 850 other
1242 790 1339 868 great

338 908 426 971 men,
452 891 491 956 of
516 892 711 975 quartering
740 889 827 954 their
850 907 1062 971 messengers
1084 907 1177 970 upon
1202 886 1338 970 private

338 993 546 1058 individuals
573 1012 612 1056 or
638 991 885 1076 corporations,
908 991 959 1056 ior
983 1010 1005 1055 a
1026 991 1155 1056 certain
1176 1007 1280 1071 space
1302 986 1343 1050 ol

323 1096 437 1176 'time3
460 1114 497 1158 or
517 1094 594 1159 that
610 1094 650 1158 of
662 1091 805 1178 sending
823 1094 876 1158 bis
895 1094 1089 1169 huntsmen,
1106 1090 1235 1168 horsea,
1252 1088 1337 1170 dogs

338 1197 406 1261 and
422 1194 541 1260 bawlrs
557 1203 593 1260 to
607 1196 649 1261 be
663 1195 748 1279 kept
763 1202 800 1259 at
814 1193 871 1258 tbc
887 1212 1037 1277 expense
1050 1193 1090 1257 of
1102 1191 1156 1256 bis
1171 1191 1335 1275 subjeots.

337 1296 411 1362 The
426 1297 603 1380 following
617 1315 675 1362 are
691 1297 886 1379 examples:

348 1493 350 1498 ’
379 1500 410 1565 1.
433 1508 473 1566 ut
486 1501 532 1564 sit
545 1501 638 1565 omni
652 1499 778 1564 tributo
794 1498 958 1581 regalium
973 1495 1222 1581 operationum,
1233 1495 1337 1560 relec-

338 1604 538 1687 tionumque
553 1603 589 1667 in
603 1610 803 1684 perpetuum
818 1600 936 1664 libera.
1114 1596 1204 1673 Offa,
1217 1595 1293 1661 781.

382 1705 414 1769 2.
440 1704 506 1768 and
531 1705 564 1768 ic
590 1724 675 1786 gean
697 1708 772 1767 ’6aes
796 1703 918 1766 landes
944 1707 991 1765 oet
1012 1697 1239 1782 Brycandbne
1263 1697 1338 1762 intd

337 1797 403 1871 sce
418 1806 520 1871 Petro
541 1814 577 1870 to
591 1803 852 1881 Westmenstre,
873 1803 978 1868 bilton
998 1803 1031 1866 ic
1049 1801 1149 1885 wylle
1166 1806 1239 1865 itaet
1257 1820 1338 1865 man

336 1913 457 1972 maeste
486 1906 614 1970 minum
647 1904 735 1970 wiue
759 1903 830 1969 tub
857 1903 950 1968 hund
980 1903 1089 1968 swina
1117 1908 1241 1966 baenne
1265 1907 1339 1968 beer
1400 1919 1406 1930 ‘

337 2017 480 2074 maesten
495 2007 546 2093 sy,
560 2009 658 2072 bider
672 2007 742 2072 bire
756 2008 870 2073 ledust
885 2006 935 2091 sy.
1115 2004 1293 2069 AElfbelm.

379 2111 410 2174 3.
433 2127 497 2175 nec
526 2103 587 2174 rex
613 2128 713 2174 suum
741 2116 880 2191 pastum
903 2108 1065 2191 requirat,
1091 2107 1147 2170 uel
1172 2105 1336 2170 babentes

337 2209 489 2274 homines
515 2229 602 2293 quos
627 2227 692 2274 nos
718 2208 864 2273 dicimus
892 2208 1082 2291 festignren,
1105 2227 1168 2272 nec
1195 2227 1255 2273 eos
1277 2209 1337 2291 qui

337 2311 517 2394 accipitres
537 2317 685 2395 portant,
700 2311 756 2374 uel
770 2311 934 2389 falcones,
951 2311 1008 2374 uel
1025 2307 1178 2374 caballos
1198 2311 1338 2386 ducunt,

337 2412 412 2477 siue
427 2431 543 2477 canes.
1025 2409 1205 2488 Cbenuuli,
1219 2410 1294 2475 821.

378 2515 409 2578 4.
432 2513 572 2597 insuper
593 2514 683 2579 banc
708 2513 940 2597 supradictam
966 2519 1091 2578 terram
1117 2512 1269 2577 liberabo
1292 2514 1336 2576 ab

336 2618 428 2682 omni
458 2617 624 2681 seruitute
652 2615 878 2680 saecularium
909 2633 1032 2694 rerum,
1061 2633 1083 2678 a
1110 2621 1214 2698 pastu
1243 2615 1337 2697 regii,

337 2720 520 2801 episcopis,
547 2717 747 2800 principum,
781 2735 841 2781 seu
873 2716 1094 2801 praesectum,
1126 2723 1338 2793 exactorum,

336 2821 511 2896 ducorum,
545 2837 707 2881 canorum
735 2816 929 2902 (iconum)
958 2818 1014 2882 uel
1048 2837 1245 2902 aequorum,
1274 2839 1337 2883 seu

337 2920 559 3003 accipitrum3
583 2920 626 2982 ab
642 2916 827 2983 refectione
842 2927 877 2984 et
890 2920 1010 2985 habitu
1030 2921 1165 2985 illorum
1185 2921 1337 2985 omnium

337 3021 397 3107 qui
423 3021 583 3085 dicuntur
610 3019 862 3102 Faestingmen3
894 3023 938 3086 ab
964 3023 1122 3087 omnibus
1151 3024 1337 3102 laboribus,

337 3125 495 3207 operibus
518 3131 555 3187 et
576 3123 748 3200 oneribus,
772 3123 845 3186 siue
871 3123 1141 3203 difficultatibus,
1163 3127 1237 3209 quit
1259 3125 1337 3208 plus

336 3227 492 3290 minusue
516 3225 703 3288 mimorebo
725 3223 781 3287 uel
808 3225 903 3306 dico;
926 3229 971 3290 ab
991 3227 1083 3291 omni
1109 3227 1337 3309 grauitatibus

336 3328 552 3410 magloribus,
572 3325 736 3403 minoriis‚
751 3326 854 3404 notis,
869 3327 1006 3410 ignotis,
1022 3329 1172 3411 undique
1191 3327 1339 3393 liberata

336 3432 534 3513 permaneat
547 3427 582 3489 in
597 3425 721 3504 aefum,
736 3427 814 3505 nisi,
830 3436 895 3492 etc.
1037 3428 1204 3506 Gedluulf,
1218 3427 1292 3493 822.

376 3533 408 3595 5.
430 3535 470 3592 ut
488 3545 607 3592 omnes
628 3547 726 3610 agros
748 3531 818 3593 sint
836 3531 943 3594 libera
963 3532 1008 3594 ab
1028 3531 1120 3594 omni
1139 3530 1245 3613 regali
1266 3549 1337 3594 ser-

337 3632 433 3707 uitio,
460 3649 482 3694 a
504 3636 608 3713 pastu
627 3649 742 3711 regum
763 3638 798 3694 et
817 3633 1021 3716 principum,
1041 3631 1164 3697 ducum
1185 3641 1221 3696 et
1239 3651 1338 3715 prae-

239 3801 241 3807 ,
337 3732 473 3810 fectum,
506 3738 791 3815 exactorumque3
829 3735 873 3798 ab
902 3754 1068 3817 equorum
1096 3742 1131 3799 et
1153 3735 1338 3811 falconum,

338 3829 607 3917 accipitrumque
621 3845 656 3897 et
669 3853 791 3898 conum
807 3837 1018 3918 acceptione,
1033 3843 1068 3902 et
1081 3837 1215 3900 illorum
1230 3835 1338 3898 bomi-

337 3955 418 3999 num
440 3934 633 4012 relectione,
654 3937 744 4017 quod
765 3956 828 4001 nos
847 3937 1050 4020 festingmen
1069 3939 1293 4014 nominamus,
1317 3957 1338 4000 a

338 4036 532 4121 parafritbis
553 4043 588 4099 et
609 4037 652 4099 ab
673 4038 829 4101 omnibus
853 4038 1112 4107 difficultatibus
1135 4038 1259 4122 regalis
1282 4039 1338 4102 uel

338 4138 524 4203 saecularis
538 4137 727 4216 seruitutis,
741 4139 832 4203 notis
848 4146 884 4203 et
898 4140 1034 4222 ignotis),
1049 4146 1113 4204 etc.

1025 4239 1203 4323 Ecgberbt,
1218 4239 1293 4305 823.
