<?xml version="1.0" encoding="UTF-8"?>
<!DOCTYPE html PUBLIC "-//W3C//DTD XHTML 1.0 Transitional//EN"
    "http://www.w3.org/TR/xhtml1/DTD/xhtml1-transitional.dtd">
<html xmlns="http://www.w3.org/1999/xhtml" xml:lang="en" lang="en">
 <head>
  <title>
</title>
<meta http-equiv="Content-Type" content="text/html;charset=utf-8" />
  <meta name='ocr-system' content='tesseract 3.04.00' />
  <meta name='ocr-capabilities' content='ocr_page ocr_carea ocr_par ocr_line ocrx_word'/>
</head>
<body>
  <div class='ocr_page' id='page_1' title='image "./codexdiplomatic04kembgoog_0248.png"; bbox 0 0 3188 5032; ppageno 0'>
   <div class='ocr_carea' id='block_1_1' title="bbox 488 418 1282 482">
    <p class='ocr_par' dir='ltr' id='par_1_1' title="bbox 488 418 1282 482">
     <span class='ocr_line' id='line_1_1' title="bbox 488 418 1282 482; baseline 0.005 -4"><span class='ocrx_word' id='word_1_1' title='bbox 488 431 660 479; x_wconf 69' lang='lat' dir='ltr'>curaris</span> <span class='ocrx_word' id='word_1_2' title='bbox 683 431 1023 480; x_wconf 73' lang='lat' dir='ltr'>sucuosnxourenu.</span> <span class='ocrx_word' id='word_1_3' title='bbox 1237 418 1282 482; x_wconf 85' lang='lat'>97</span> 
     </span>
    </p>
   </div>
   <div class='ocr_carea' id='block_1_2' title="bbox 224 587 1282 2078">
    <p class='ocr_par' dir='ltr' id='par_1_2' title="bbox 226 587 1281 772">
     <span class='ocr_line' id='line_1_2' title="bbox 280 587 1281 700; baseline 0.004 -47"><span class='ocrx_word' id='word_1_4' title='bbox 280 587 321 671; x_wconf 74' lang='lat'>›1‹</span> <span class='ocrx_word' id='word_1_5' title='bbox 337 609 403 672; x_wconf 84' lang='lat' dir='ltr'>ego</span> <span class='ocrx_word' id='word_1_6' title='bbox 440 587 648 654; x_wconf 78' lang='lat' dir='ltr'><strong>beardberht</strong></span> <span class='ocrx_word' id='word_1_7' title='bbox 687 588 795 654; x_wconf 83' lang='lat' dir='ltr'>frater</span> <span class='ocrx_word' id='word_1_8' title='bbox 824 597 895 674; x_wconf 89' lang='lat' dir='ltr'>atq.</span> <span class='ocrx_word' id='word_1_9' title='bbox 923 590 994 655; x_wconf 86' lang='lat' dir='ltr'>dux</span> <span class='ocrx_word' id='word_1_10' title='bbox 1025 591 1152 700; x_wconf 83' lang='lat' dir='ltr'>prelati</span> <span class='ocrx_word' id='word_1_11' title='bbox 1187 590 1281 676; x_wconf 80' lang='lat' dir='ltr'>regis</span> 
     </span>
     <span class='ocr_line' id='line_1_3' title="bbox 226 688 639 772; baseline 0.002 -19"><span class='ocrx_word' id='word_1_12' title='bbox 226 690 387 754; x_wconf 85' lang='lat' dir='ltr'><strong>consensi</strong></span> <span class='ocrx_word' id='word_1_13' title='bbox 399 696 435 755; x_wconf 87' lang='lat' dir='ltr'>et</span> <span class='ocrx_word' id='word_1_14' title='bbox 450 688 639 772; x_wconf 86' lang='lat' dir='ltr'>subscripsi</span> 
     </span>
    </p>

    <p class='ocr_par' dir='ltr' id='par_1_3' title="bbox 226 791 1282 973">
     <span class='ocr_line' id='line_1_4' title="bbox 283 791 1282 873; baseline 0.001 -18"><span class='ocrx_word' id='word_1_15' title='bbox 283 793 323 873; x_wconf 73' lang='lat'>›1‹</span> <span class='ocrx_word' id='word_1_16' title='bbox 339 810 405 873; x_wconf 85' lang='lat' dir='ltr'>ego</span> <span class='ocrx_word' id='word_1_17' title='bbox 429 791 564 856; x_wconf 81' lang='lat' dir='ltr'>ebbella</span> <span class='ocrx_word' id='word_1_18' title='bbox 589 807 795 854; x_wconf 89' lang='lat' dir='ltr'>consensum</span> <span class='ocrx_word' id='word_1_19' title='bbox 822 810 935 856; x_wconf 90' lang='lat' dir='ltr'>meum</span> <span class='ocrx_word' id='word_1_20' title='bbox 958 791 1166 858; x_wconf 89' lang='lat' dir='ltr'>acomodans</span> <span class='ocrx_word' id='word_1_21' title='bbox 1195 794 1282 856; x_wconf 61' lang='lat' dir='ltr'>sub*</span> 
     </span>
     <span class='ocr_line' id='line_1_5' title="bbox 226 890 351 973; baseline -0.008 -19"><span class='ocrx_word' id='word_1_22' title='bbox 226 890 351 973; x_wconf 87' lang='lat' dir='ltr'>scripsi</span> 
     </span>
    </p>

    <p class='ocr_par' dir='ltr' id='par_1_4' title="bbox 282 990 836 1073">
     <span class='ocr_line' id='line_1_6' title="bbox 282 990 836 1073; baseline 0.004 -20"><span class='ocrx_word' id='word_1_23' title='bbox 282 993 322 1073; x_wconf 53' lang='grc' dir='ltr'><strong>ᾖ</strong></span> <span class='ocrx_word' id='word_1_24' title='bbox 337 1009 403 1072; x_wconf 81' lang='lat' dir='ltr'>ego</span> <span class='ocrx_word' id='word_1_25' title='bbox 418 1006 506 1054; x_wconf 90' lang='lat' dir='ltr'>onoc</span> <span class='ocrx_word' id='word_1_26' title='bbox 520 1007 633 1054; x_wconf 87' lang='lat' dir='ltr'>comes</span> <span class='ocrx_word' id='word_1_27' title='bbox 648 990 836 1073; x_wconf 87' lang='lat' dir='ltr'>subscripsi</span> 
     </span>
    </p>

    <p class='ocr_par' dir='ltr' id='par_1_5' title="bbox 282 1089 906 1175">
     <span class='ocr_line' id='line_1_7' title="bbox 282 1089 906 1175; baseline 0 -21"><span class='ocrx_word' id='word_1_28' title='bbox 282 1094 322 1174; x_wconf 55' lang='grc' dir='ltr'>,Β</span> <span class='ocrx_word' id='word_1_29' title='bbox 337 1109 403 1172; x_wconf 84' lang='lat' dir='ltr'>ego</span> <span class='ocrx_word' id='word_1_30' title='bbox 417 1090 486 1153; x_wconf 91' lang='lat' dir='ltr'>oba</span> <span class='ocrx_word' id='word_1_31' title='bbox 495 1089 658 1155; x_wconf 85' lang='lat' dir='ltr'>consensi</span> <span class='ocrx_word' id='word_1_32' title='bbox 672 1097 708 1154; x_wconf 88' lang='lat' dir='ltr'>et</span> <span class='ocrx_word' id='word_1_33' title='bbox 720 1091 906 1175; x_wconf 90' lang='lat' dir='ltr'>subscripsi</span> 
     </span>
    </p>

    <p class='ocr_par' dir='ltr' id='par_1_6' title="bbox 281 1189 970 1274">
     <span class='ocr_line' id='line_1_8' title="bbox 281 1189 970 1274; baseline 0.001 -20"><span class='ocrx_word' id='word_1_34' title='bbox 281 1194 321 1274; x_wconf 55' lang='grc' dir='ltr'>,Β</span> <span class='ocrx_word' id='word_1_35' title='bbox 337 1209 402 1272; x_wconf 81' lang='lat' dir='ltr'>ego</span> <span class='ocrx_word' id='word_1_36' title='bbox 414 1189 547 1271; x_wconf 80' lang='lat' dir='ltr'>sigibed</span> <span class='ocrx_word' id='word_1_37' title='bbox 562 1191 720 1255; x_wconf 88' lang='lat' dir='ltr'>consensi</span> <span class='ocrx_word' id='word_1_38' title='bbox 733 1197 768 1255; x_wconf 87' lang='lat' dir='ltr'>et</span> <span class='ocrx_word' id='word_1_39' title='bbox 782 1191 970 1274; x_wconf 88' lang='lat' dir='ltr'>subscripsi</span> 
     </span>
    </p>

    <p class='ocr_par' dir='ltr' id='par_1_7' title="bbox 282 1289 955 1374">
     <span class='ocr_line' id='line_1_9' title="bbox 282 1289 955 1374; baseline 0.003 -21"><span class='ocrx_word' id='word_1_40' title='bbox 282 1294 322 1374; x_wconf 54' lang='grc' dir='ltr'>ιχ(</span> <span class='ocrx_word' id='word_1_41' title='bbox 337 1310 402 1373; x_wconf 85' lang='lat' dir='ltr'>ego</span> <span class='ocrx_word' id='word_1_42' title='bbox 417 1289 533 1354; x_wconf 91' lang='lat' dir='ltr'>bercol</span> <span class='ocrx_word' id='word_1_43' title='bbox 546 1291 705 1356; x_wconf 89' lang='lat' dir='ltr'>consensi</span> <span class='ocrx_word' id='word_1_44' title='bbox 718 1299 754 1354; x_wconf 90' lang='lat' dir='ltr'>et</span> <span class='ocrx_word' id='word_1_45' title='bbox 768 1292 955 1374; x_wconf 87' lang='lat' dir='ltr'>subscripsi</span> 
     </span>
    </p>

    <p class='ocr_par' dir='ltr' id='par_1_8' title="bbox 282 1389 1000 1475">
     <span class='ocr_line' id='line_1_10' title="bbox 282 1389 1000 1475; baseline 0.001 -20"><span class='ocrx_word' id='word_1_46' title='bbox 282 1393 321 1474; x_wconf 77' lang='lat'>›1‹</span> <span class='ocrx_word' id='word_1_47' title='bbox 336 1410 402 1473; x_wconf 79' lang='lat' dir='ltr'>ego</span> <span class='ocrx_word' id='word_1_48' title='bbox 417 1389 574 1455; x_wconf 88' lang='lat' dir='ltr'>ealduuft</span> <span class='ocrx_word' id='word_1_49' title='bbox 588 1391 746 1455; x_wconf 88' lang='lat' dir='ltr'>consensi</span> <span class='ocrx_word' id='word_1_50' title='bbox 760 1398 797 1455; x_wconf 90' lang='lat' dir='ltr'>et</span> <span class='ocrx_word' id='word_1_51' title='bbox 811 1393 1000 1475; x_wconf 88' lang='lat' dir='ltr'>subscripsi</span> 
     </span>
    </p>

    <p class='ocr_par' dir='ltr' id='par_1_9' title="bbox 283 1491 924 1574">
     <span class='ocr_line' id='line_1_11' title="bbox 283 1491 924 1574; baseline 0 -19"><span class='ocrx_word' id='word_1_52' title='bbox 283 1493 321 1574; x_wconf 77' lang='lat'>›1‹</span> <span class='ocrx_word' id='word_1_53' title='bbox 335 1510 401 1572; x_wconf 84' lang='lat' dir='ltr'>ego</span> <span class='ocrx_word' id='word_1_54' title='bbox 415 1509 500 1555; x_wconf 87' lang='lat' dir='ltr'>cusa</span> <span class='ocrx_word' id='word_1_55' title='bbox 513 1491 672 1556; x_wconf 89' lang='lat' dir='ltr'>consensi</span> <span class='ocrx_word' id='word_1_56' title='bbox 685 1498 721 1555; x_wconf 90' lang='lat' dir='ltr'>et</span> <span class='ocrx_word' id='word_1_57' title='bbox 736 1492 924 1574; x_wconf 88' lang='lat' dir='ltr'>subscripsi</span> 
     </span>
    </p>

    <p class='ocr_par' dir='ltr' id='par_1_10' title="bbox 282 1590 930 1675">
     <span class='ocr_line' id='line_1_12' title="bbox 282 1590 930 1675; baseline 0.003 -21"><span class='ocrx_word' id='word_1_58' title='bbox 282 1591 321 1674; x_wconf 76' lang='lat'>›1‹</span> <span class='ocrx_word' id='word_1_59' title='bbox 337 1611 403 1674; x_wconf 85' lang='lat' dir='ltr'>ego</span> <span class='ocrx_word' id='word_1_60' title='bbox 416 1590 503 1673; x_wconf 88' lang='lat' dir='ltr'>pede</span> <span class='ocrx_word' id='word_1_61' title='bbox 517 1591 676 1655; x_wconf 90' lang='lat' dir='ltr'>consensi</span> <span class='ocrx_word' id='word_1_62' title='bbox 691 1598 727 1655; x_wconf 96' lang='lat' dir='ltr'>et</span> <span class='ocrx_word' id='word_1_63' title='bbox 742 1592 930 1675; x_wconf 90' lang='lat' dir='ltr'>subscripsi</span> 
     </span>
    </p>

    <p class='ocr_par' dir='ltr' id='par_1_11' title="bbox 224 1689 1278 2078">
     <span class='ocr_line' id='line_1_13' title="bbox 277 1689 1278 1773; baseline 0.003 -20"><span class='ocrx_word' id='word_1_64' title='bbox 277 1689 342 1756; x_wconf 90' lang='lat' dir='ltr'>Est</span> <span class='ocrx_word' id='word_1_65' title='bbox 363 1697 478 1755; x_wconf 89' lang='lat' dir='ltr'>autem</span> <span class='ocrx_word' id='word_1_66' title='bbox 502 1710 625 1773; x_wconf 88' lang='lat' dir='ltr'>agrum</span> <span class='ocrx_word' id='word_1_67' title='bbox 639 1691 676 1755; x_wconf 92' lang='lat' dir='ltr'>in</span> <span class='ocrx_word' id='word_1_68' title='bbox 691 1699 881 1757; x_wconf 88' lang='lat' dir='ltr'>memorata</span> <span class='ocrx_word' id='word_1_69' title='bbox 901 1691 992 1755; x_wconf 91' lang='lat' dir='ltr'>silua</span> <span class='ocrx_word' id='word_1_70' title='bbox 1005 1692 1121 1757; x_wconf 89' lang='lat' dir='ltr'>moreb</span> <span class='ocrx_word' id='word_1_71' title='bbox 1143 1691 1199 1755; x_wconf 93' lang='lat' dir='ltr'>cui</span> <span class='ocrx_word' id='word_1_72' title='bbox 1213 1709 1278 1756; x_wconf 92' lang='lat' dir='ltr'>uo·</span> 
     </span>
     <span class='ocr_line' id='line_1_14' title="bbox 224 1791 1276 1879; baseline 0.003 -25"><span class='ocrx_word' id='word_1_73' title='bbox 224 1791 384 1855; x_wconf 89' lang='lat' dir='ltr'>cabulum</span> <span class='ocrx_word' id='word_1_74' title='bbox 406 1797 461 1854; x_wconf 87' lang='lat' dir='ltr'>est</span> <span class='ocrx_word' id='word_1_75' title='bbox 476 1791 619 1876; x_wconf 89' lang='lat' dir='ltr'>brochyl</span> <span class='ocrx_word' id='word_1_76' title='bbox 632 1810 734 1874; x_wconf 92' lang='lat' dir='ltr'>quem</span> <span class='ocrx_word' id='word_1_77' title='bbox 748 1811 813 1874; x_wconf 84' lang='lat' dir='ltr'>ego</span> <span class='ocrx_word' id='word_1_78' title='bbox 836 1792 978 1857; x_wconf 92' lang='lat' dir='ltr'>edilbalt</span> <span class='ocrx_word' id='word_1_79' title='bbox 996 1811 1059 1855; x_wconf 81' lang='lat' dir='ltr'>rex</span> <span class='ocrx_word' id='word_1_80' title='bbox 1074 1792 1276 1879; x_wconf 81' lang='lat' dir='ltr'>suutanglo-</span> 
     </span>
     <span class='ocr_line' id='line_1_15' title="bbox 224 1890 1276 2000; baseline 0.004 -46"><span class='ocrx_word' id='word_1_81' title='bbox 224 1909 299 1956; x_wconf 88' lang='lat' dir='ltr'>rum</span> <span class='ocrx_word' id='word_1_82' title='bbox 322 1891 423 1956; x_wconf 88' lang='lat' dir='ltr'>fidele</span> <span class='ocrx_word' id='word_1_83' title='bbox 444 1890 530 1955; x_wconf 88' lang='lat' dir='ltr'>duce</span> <span class='ocrx_word' id='word_1_84' title='bbox 553 1899 658 1974; x_wconf 75' lang='lat' dir='ltr'>atque</span> <span class='ocrx_word' id='word_1_85' title='bbox 680 1893 804 1956; x_wconf 81' lang='lat' dir='ltr'>comite</span> <span class='ocrx_word' id='word_1_86' title='bbox 828 1912 906 1957; x_wconf 93' lang='lat' dir='ltr'>meo</span> <span class='ocrx_word' id='word_1_87' title='bbox 925 1892 1174 2000; x_wconf 86' lang='lat' dir='ltr'>cyniberhtte</span> <span class='ocrx_word' id='word_1_88' title='bbox 1164 1913 1201 1957; x_wconf 94' lang='lat' dir='ltr'>m</span> <span class='ocrx_word' id='word_1_89' title='bbox 1221 1894 1276 1958; x_wconf 87' lang='lat' dir='ltr'>ius</span> 
     </span>
     <span class='ocr_line' id='line_1_16' title="bbox 224 1964 1235 2078; baseline 0 -22"><span class='ocrx_word' id='word_1_90' title='bbox 224 1991 493 2057; x_wconf 84' lang='lat' dir='ltr'>ecclesiasticam</span> <span class='ocrx_word' id='word_1_91' title='bbox 507 2010 586 2055; x_wconf 92' lang='lat' dir='ltr'>cum</span> <span class='ocrx_word' id='word_1_92' title='bbox 601 1992 800 2078; x_wconf 87' lang='lat' dir='ltr'>supradicto</span> <span class='ocrx_word' id='word_1_93' title='bbox 815 2012 900 2076; x_wconf 83' lang='lat' dir='ltr'>agro</span> <span class='ocrx_word' id='word_1_94' title='bbox 914 1993 1092 2077; x_wconf 71' lang='lat' dir='ltr'>largiendo</span> <span class='ocrx_word' id='word_1_95' title='bbox 1107 1964 1235 2057; x_wconf 90' lang='lat' dir='ltr'>donaui</span> 
     </span>
    </p>
   </div>
   <div class='ocr_carea' id='block_1_3' title="bbox 286 2263 1217 2494">
    <p class='ocr_par' dir='ltr' id='par_1_12' title="bbox 286 2263 1217 2494">
     <span class='ocr_line' id='line_1_17' title="bbox 652 2263 846 2329; baseline 0.005 -1"><span class='ocrx_word' id='word_1_96' title='bbox 652 2263 846 2329; x_wconf 91' lang='lat' dir='ltr'>LXXXI.</span> 
     </span>
     <span class='ocr_line' id='line_1_18' title="bbox 286 2408 1217 2494; baseline -0.002 -13"><span class='ocrx_word' id='word_1_97' title='bbox 286 2409 658 2481; x_wconf 76' lang='lat' dir='ltr'><strong>*AETHILBALD</strong></span> <span class='ocrx_word' id='word_1_98' title='bbox 691 2408 798 2477; x_wconf 84' lang='lat' dir='ltr'>AND</span> <span class='ocrx_word' id='word_1_99' title='bbox 831 2409 1217 2494; x_wconf 82' lang='lat' dir='ltr'>AETHILHEARD,</span> 
     </span>
    </p>
   </div>
   <div class='ocr_carea' id='block_1_4' title="bbox 651 2562 845 2628">
    <p class='ocr_par' dir='ltr' id='par_1_13' title="bbox 651 2562 845 2628">
     <span class='ocr_line' id='line_1_19' title="bbox 651 2562 845 2628; baseline 0.01 -2"><span class='ocrx_word' id='word_1_100' title='bbox 651 2562 845 2628; x_wconf 80' lang='lat'><strong>725-737.</strong></span> 
     </span>
    </p>
   </div>
   <div class='ocr_carea' id='block_1_5' title="bbox 221 2686 1275 4352">
    <p class='ocr_par' dir='ltr' id='par_1_14' title="bbox 221 2686 1275 4273">
     <span class='ocr_line' id='line_1_20' title="bbox 279 2686 1275 2771; baseline 0 -20"><span class='ocrx_word' id='word_1_101' title='bbox 279 2690 319 2770; x_wconf 53' lang='grc' dir='ltr'>ᾧ</span> <span class='ocrx_word' id='word_1_102' title='bbox 333 2687 485 2751; x_wconf 79' lang='lat' dir='ltr'>Douruo</span> <span class='ocrx_word' id='word_1_103' title='bbox 514 2706 699 2771; x_wconf 79' lang='lat' dir='ltr'>regnorum</span> <span class='ocrx_word' id='word_1_104' title='bbox 729 2706 838 2770; x_wconf 85' lang='lat' dir='ltr'>regna</span> <span class='ocrx_word' id='word_1_105' title='bbox 864 2686 1010 2770; x_wconf 78' lang='lat' dir='ltr'>regenti,</span> <span class='ocrx_word' id='word_1_106' title='bbox 1035 2688 1111 2752; x_wconf 92' lang='lat' dir='ltr'>iura</span> <span class='ocrx_word' id='word_1_107' title='bbox 1137 2687 1275 2770; x_wconf 90' lang='lat' dir='ltr'>imperi-</span> 
     </span>
     <span class='ocr_line' id='line_1_21' title="bbox 223 2787 1275 2872; baseline -0.003 -18"><span class='ocrx_word' id='word_1_108' title='bbox 223 2807 321 2854; x_wconf 89' lang='lat' dir='ltr'>omm</span> <span class='ocrx_word' id='word_1_109' title='bbox 343 2787 539 2872; x_wconf 87' lang='lat' dir='ltr'>disponenti</span> <span class='ocrx_word' id='word_1_110' title='bbox 560 2807 696 2871; x_wconf 87' lang='lat' dir='ltr'>semper</span> <span class='ocrx_word' id='word_1_111' title='bbox 717 2788 847 2871; x_wconf 84' lang='lat' dir='ltr'>gloria!</span> <span class='ocrx_word' id='word_1_112' title='bbox 909 2787 1194 2854; x_wconf 87' lang='lat' dir='ltr'>Praecedentium</span> <span class='ocrx_word' id='word_1_113' title='bbox 1223 2794 1275 2851; x_wconf 88' lang='lat' dir='ltr'>et-</span> 
     </span>
     <span class='ocr_line' id='line_1_22' title="bbox 224 2887 1275 2972; baseline -0.003 -18"><span class='ocrx_word' id='word_1_114' title='bbox 224 2889 312 2954; x_wconf 90' lang='lat' dir='ltr'>enim</span> <span class='ocrx_word' id='word_1_115' title='bbox 322 2894 515 2972; x_wconf 90' lang='lat' dir='ltr'>temporum</span> <span class='ocrx_word' id='word_1_116' title='bbox 526 2888 745 2971; x_wconf 84' lang='lat' dir='ltr'>antiquitate,</span> <span class='ocrx_word' id='word_1_117' title='bbox 756 2908 797 2952; x_wconf 88' lang='lat' dir='ltr'>ac</span> <span class='ocrx_word' id='word_1_118' title='bbox 805 2887 1007 2954; x_wconf 90' lang='lat' dir='ltr'>diuersitate</span> <span class='ocrx_word' id='word_1_119' title='bbox 1020 2887 1275 2952; x_wconf 88' lang='lat' dir='ltr'>succedentium</span> 
     </span>
     <span class='ocr_line' id='line_1_23' title="bbox 223 2988 1275 3072; baseline 0 -18"><span class='ocrx_word' id='word_1_120' title='bbox 223 2988 455 3072; x_wconf 87' lang='lat' dir='ltr'>imperiorum,</span> <span class='ocrx_word' id='word_1_121' title='bbox 469 3007 491 3050; x_wconf 88' lang='lat' dir='ltr'>a</span> <span class='ocrx_word' id='word_1_122' title='bbox 505 2989 825 3069; x_wconf 88' lang='lat' dir='ltr'>praedecessoribus</span> <span class='ocrx_word' id='word_1_123' title='bbox 839 2989 982 3072; x_wconf 90' lang='lat' dir='ltr'>prouide</span> <span class='ocrx_word' id='word_1_124' title='bbox 994 2988 1096 3071; x_wconf 93' lang='lat' dir='ltr'>plura</span> <span class='ocrx_word' id='word_1_125' title='bbox 1108 2988 1275 3071; x_wconf 89' lang='lat' dir='ltr'>disposita</span> 
     </span>
     <span class='ocr_line' id='line_1_24' title="bbox 222 3087 1274 3173; baseline 0 -19"><span class='ocrx_word' id='word_1_126' title='bbox 222 3088 437 3173; x_wconf 80' lang='lat' dir='ltr'>ignorantiae</span> <span class='ocrx_word' id='word_1_127' title='bbox 452 3087 598 3170; x_wconf 81' lang='lat' dir='ltr'>caligine</span> <span class='ocrx_word' id='word_1_128' title='bbox 613 3087 736 3152; x_wconf 90' lang='lat' dir='ltr'>iccirco</span> <span class='ocrx_word' id='word_1_129' title='bbox 751 3090 991 3166; x_wconf 87' lang='lat' dir='ltr'>cassabuntur,</span> <span class='ocrx_word' id='word_1_130' title='bbox 1002 3089 1084 3152; x_wconf 93' lang='lat' dir='ltr'>dum</span> <span class='ocrx_word' id='word_1_131' title='bbox 1097 3089 1274 3154; x_wconf 87' lang='lat' dir='ltr'>literarum</span> 
     </span>
     <span class='ocr_line' id='line_1_25' title="bbox 223 3187 1273 3274; baseline -0.001 -20"><span class='ocrx_word' id='word_1_132' title='bbox 223 3190 313 3254; x_wconf 91' lang='lat' dir='ltr'>notis</span> <span class='ocrx_word' id='word_1_133' title='bbox 328 3188 426 3270; x_wconf 83' lang='lat' dir='ltr'>origo</span> <span class='ocrx_word' id='word_1_134' title='bbox 440 3187 695 3253; x_wconf 88' lang='lat' dir='ltr'>institutionum</span> <span class='ocrx_word' id='word_1_135' title='bbox 705 3188 844 3253; x_wconf 89' lang='lat' dir='ltr'>minime</span> <span class='ocrx_word' id='word_1_136' title='bbox 858 3187 1123 3274; x_wconf 87' lang='lat' dir='ltr'>deprehenditur</span> <span class='ocrx_word' id='word_1_137' title='bbox 1133 3188 1273 3254; x_wconf 87' lang='lat' dir='ltr'>tradita.</span> 
     </span>
     <span class='ocr_line' id='line_1_26' title="bbox 225 3288 1273 3372; baseline -0.004 -16"><span class='ocrx_word' id='word_1_138' title='bbox 225 3289 281 3356; x_wconf 87' lang='lat' dir='ltr'>Ne</span> <span class='ocrx_word' id='word_1_139' title='bbox 293 3305 364 3372; x_wconf 92' lang='lat' dir='ltr'>qua</span> <span class='ocrx_word' id='word_1_140' title='bbox 376 3307 459 3352; x_wconf 90' lang='lat' dir='ltr'>uero</span> <span class='ocrx_word' id='word_1_141' title='bbox 475 3308 520 3353; x_wconf 84' lang='lat' dir='ltr'>ex</span> <span class='ocrx_word' id='word_1_142' title='bbox 535 3288 704 3353; x_wconf 86' lang='lat' dir='ltr'>accidenti</span> <span class='ocrx_word' id='word_1_143' title='bbox 724 3289 916 3354; x_wconf 88' lang='lat' dir='ltr'>obiectione</span> <span class='ocrx_word' id='word_1_144' title='bbox 938 3289 1085 3372; x_wconf 90' lang='lat' dir='ltr'>posteris</span> <span class='ocrx_word' id='word_1_145' title='bbox 1106 3289 1273 3352; x_wconf 89' lang='lat' dir='ltr'>dissensio</span> 
     </span>
     <span class='ocr_line' id='line_1_27' title="bbox 222 3388 1273 3472; baseline -0.005 -16"><span class='ocrx_word' id='word_1_146' title='bbox 222 3391 365 3467; x_wconf 89' lang='lat' dir='ltr'>oriatur,</span> <span class='ocrx_word' id='word_1_147' title='bbox 392 3395 496 3470; x_wconf 92' lang='lat' dir='ltr'>prout</span> <span class='ocrx_word' id='word_1_148' title='bbox 526 3388 658 3470; x_wconf 89' lang='lat' dir='ltr'>pridem</span> <span class='ocrx_word' id='word_1_149' title='bbox 684 3390 818 3453; x_wconf 89' lang='lat' dir='ltr'>censuit</span> <span class='ocrx_word' id='word_1_150' title='bbox 845 3390 1034 3472; x_wconf 87' lang='lat' dir='ltr'>peritorum</span> <span class='ocrx_word' id='word_1_151' title='bbox 1060 3389 1273 3466; x_wconf 90' lang='lat' dir='ltr'>constitutio,</span> 
     </span>
     <span class='ocr_line' id='line_1_28' title="bbox 223 3487 1272 3556; baseline -0.005 0"><span class='ocrx_word' id='word_1_152' title='bbox 223 3489 331 3556; x_wconf 91' lang='lat' dir='ltr'>ueluti</span> <span class='ocrx_word' id='word_1_153' title='bbox 353 3487 430 3552; x_wconf 90' lang='lat' dir='ltr'>uice</span> <span class='ocrx_word' id='word_1_154' title='bbox 452 3489 650 3553; x_wconf 85' lang='lat' dir='ltr'>testamenti</span> <span class='ocrx_word' id='word_1_155' title='bbox 674 3489 755 3552; x_wconf 92' lang='lat' dir='ltr'>stilo</span> <span class='ocrx_word' id='word_1_156' title='bbox 769 3489 902 3553; x_wconf 89' lang='lat' dir='ltr'>edenda</span> <span class='ocrx_word' id='word_1_157' title='bbox 915 3507 955 3552; x_wconf 92' lang='lat' dir='ltr'>ac</span> <span class='ocrx_word' id='word_1_158' title='bbox 969 3489 1044 3552; x_wconf 90' lang='lat' dir='ltr'>iure</span> <span class='ocrx_word' id='word_1_159' title='bbox 1058 3495 1140 3551; x_wconf 88' lang='lat' dir='ltr'>suut</span> <span class='ocrx_word' id='word_1_160' title='bbox 1152 3487 1272 3552; x_wconf 87' lang='lat' dir='ltr'>haerc-</span> 
     </span>
     <span class='ocr_line' id='line_1_29' title="bbox 222 3586 1274 3671; baseline -0.007 -14"><span class='ocrx_word' id='word_1_161' title='bbox 222 3591 348 3657; x_wconf 88' lang='lat' dir='ltr'>ditario</span> <span class='ocrx_word' id='word_1_162' title='bbox 372 3587 627 3652; x_wconf 88' lang='lat' dir='ltr'>successoribus</span> <span class='ocrx_word' id='word_1_163' title='bbox 651 3587 886 3671; x_wconf 89' lang='lat' dir='ltr'>relinquenda,</span> <span class='ocrx_word' id='word_1_164' title='bbox 900 3586 1100 3652; x_wconf 89' lang='lat' dir='ltr'>utsaeculis</span> <span class='ocrx_word' id='word_1_165' title='bbox 1120 3592 1156 3650; x_wconf 90' lang='lat' dir='ltr'>et</span> <span class='ocrx_word' id='word_1_166' title='bbox 1169 3606 1274 3669; x_wconf 85' lang='lat' dir='ltr'>geue·</span> 
     </span>
     <span class='ocr_line' id='line_1_30' title="bbox 221 3686 1271 3772; baseline -0.003 -18"><span class='ocrx_word' id='word_1_167' title='bbox 221 3690 412 3756; x_wconf 91' lang='lat' dir='ltr'>rationibus</span> <span class='ocrx_word' id='word_1_168' title='bbox 447 3687 575 3752; x_wconf 90' lang='lat' dir='ltr'>ueritas</span> <span class='ocrx_word' id='word_1_169' title='bbox 603 3686 639 3750; x_wconf 92' lang='lat' dir='ltr'>in</span> <span class='ocrx_word' id='word_1_170' title='bbox 671 3687 867 3772; x_wconf 87' lang='lat' dir='ltr'>praeteritis</span> <span class='ocrx_word' id='word_1_171' title='bbox 904 3687 1038 3753; x_wconf 89' lang='lat' dir='ltr'>actibus</span> <span class='ocrx_word' id='word_1_172' title='bbox 1067 3686 1271 3751; x_wconf 88' lang='lat' dir='ltr'>declaretur.</span> 
     </span>
     <span class='ocr_line' id='line_1_31' title="bbox 224 3784 1273 3869; baseline -0.006 -13"><span class='ocrx_word' id='word_1_173' title='bbox 224 3790 456 3869; x_wconf 86' lang='lat' dir='ltr'>Quamobrem</span> <span class='ocrx_word' id='word_1_174' title='bbox 469 3788 554 3852; x_wconf 88' lang='lat' dir='ltr'>utile</span> <span class='ocrx_word' id='word_1_175' title='bbox 568 3787 693 3866; x_wconf 90' lang='lat' dir='ltr'>uisum,</span> <span class='ocrx_word' id='word_1_176' title='bbox 714 3808 756 3853; x_wconf 92' lang='lat' dir='ltr'>ac</span> <span class='ocrx_word' id='word_1_177' title='bbox 770 3788 1002 3854; x_wconf 87' lang='lat' dir='ltr'>necessarium</span> <span class='ocrx_word' id='word_1_178' title='bbox 1016 3787 1089 3851; x_wconf 89' lang='lat' dir='ltr'>fore</span> <span class='ocrx_word' id='word_1_179' title='bbox 1105 3784 1273 3850; x_wconf 90' lang='lat' dir='ltr'>iudicaui-</span> 
     </span>
     <span class='ocr_line' id='line_1_32' title="bbox 222 3887 1272 3970; baseline -0.004 -15"><span class='ocrx_word' id='word_1_180' title='bbox 222 3909 311 3969; x_wconf 91' lang='lat' dir='ltr'>mus,</span> <span class='ocrx_word' id='word_1_181' title='bbox 339 3887 488 3954; x_wconf 90' lang='lat' dir='ltr'>dilucide</span> <span class='ocrx_word' id='word_1_182' title='bbox 515 3888 595 3952; x_wconf 91' lang='lat' dir='ltr'>huic</span> <span class='ocrx_word' id='word_1_183' title='bbox 625 3889 784 3954; x_wconf 89' lang='lat' dir='ltr'>scedulae</span> <span class='ocrx_word' id='word_1_184' title='bbox 819 3889 1010 3956; x_wconf 88' lang='lat' dir='ltr'>describere</span> <span class='ocrx_word' id='word_1_185' title='bbox 1042 3887 1272 3970; x_wconf 89' lang='lat' dir='ltr'>quantitatem</span> 
     </span>
     <span class='ocr_line' id='line_1_33' title="bbox 222 3986 1273 4070; baseline -0.003 -13"><span class='ocrx_word' id='word_1_186' title='bbox 222 3999 334 4057; x_wconf 87' lang='lat' dir='ltr'>terrae</span> <span class='ocrx_word' id='word_1_187' title='bbox 360 3988 561 4053; x_wconf 87' lang='lat' dir='ltr'>monasterii</span> <span class='ocrx_word' id='word_1_188' title='bbox 575 3988 712 4054; x_wconf 87' lang='lat' dir='ltr'>fundati</span> <span class='ocrx_word' id='word_1_189' title='bbox 732 3989 768 4053; x_wconf 91' lang='lat' dir='ltr'>in</span> <span class='ocrx_word' id='word_1_190' title='bbox 788 3987 917 4053; x_wconf 91' lang='lat' dir='ltr'>honore</span> <span class='ocrx_word' id='word_1_191' title='bbox 932 3995 1073 4053; x_wconf 90' lang='lat' dir='ltr'>sauctae</span> <span class='ocrx_word' id='word_1_192' title='bbox 1088 3986 1144 4052; x_wconf 88' lang='lat' dir='ltr'>dei</span> <span class='ocrx_word' id='word_1_193' title='bbox 1168 4007 1273 4070; x_wconf 79' lang='lat' dir='ltr'>gene·</span> 
     </span>
     <span class='ocr_line' id='line_1_34' title="bbox 222 4088 1272 4172; baseline -0.005 -14"><span class='ocrx_word' id='word_1_194' title='bbox 222 4093 318 4158; x_wconf 88' lang='lat' dir='ltr'>tricis</span> <span class='ocrx_word' id='word_1_195' title='bbox 342 4088 478 4154; x_wconf 87' lang='lat' dir='ltr'>Mariae</span> <span class='ocrx_word' id='word_1_196' title='bbox 500 4107 635 4172; x_wconf 90' lang='lat' dir='ltr'>semper</span> <span class='ocrx_word' id='word_1_197' title='bbox 656 4089 813 4171; x_wconf 87' lang='lat' dir='ltr'>uirginis,</span> <span class='ocrx_word' id='word_1_198' title='bbox 841 4089 945 4152; x_wconf 89' lang='lat' dir='ltr'>situm</span> <span class='ocrx_word' id='word_1_199' title='bbox 972 4108 991 4153; x_wconf 93' lang='lat' dir='ltr'>e</span> <span class='ocrx_word' id='word_1_200' title='bbox 1016 4088 1125 4154; x_wconf 86' lang='lat' dir='ltr'>latere</span> <span class='ocrx_word' id='word_1_201' title='bbox 1145 4091 1272 4155; x_wconf 89' lang='lat' dir='ltr'>montis</span> 
     </span>
     <span class='ocr_line' id='line_1_35' title="bbox 222 4188 1273 4273; baseline -0.004 -14"><span class='ocrx_word' id='word_1_202' title='bbox 222 4189 473 4266; x_wconf 82' lang='lat' dir='ltr'>Aebbandune,</span> <span class='ocrx_word' id='word_1_203' title='bbox 500 4189 556 4253; x_wconf 91' lang='lat' dir='ltr'>cui</span> <span class='ocrx_word' id='word_1_204' title='bbox 590 4189 797 4256; x_wconf 87' lang='lat' dir='ltr'>uenerabilis</span> <span class='ocrx_word' id='word_1_205' title='bbox 828 4188 1001 4273; x_wconf 87' lang='lat' dir='ltr'>praesidet</span> <span class='ocrx_word' id='word_1_206' title='bbox 1035 4207 1145 4272; x_wconf 86' lang='lat' dir='ltr'>usque</span> <span class='ocrx_word' id='word_1_207' title='bbox 1173 4189 1273 4255; x_wconf 88' lang='lat' dir='ltr'>hodie</span> 
     </span>
    </p>

    <p class='ocr_par' dir='ltr' id='par_1_15' title="bbox 1097 4305 1121 4352">
     <span class='ocr_line' id='line_1_36' title="bbox 1097 4305 1121 4352; baseline 0 0"><span class='ocrx_word' id='word_1_208' title='bbox 1097 4305 1121 4352; x_wconf 83' lang='grc' dir='ltr'>ιι</span> 
     </span>
    </p>
   </div>
   <div class='ocr_carea' id='block_1_6' title="bbox 0 0 1598 5032">
    <p class='ocr_par' dir='ltr' id='par_1_16' title="bbox 0 0 1598 5032">
     <span class='ocr_line' id='line_1_37' title="bbox 0 0 1598 5032; baseline 0 1"><span class='ocrx_word' id='word_1_209' title='bbox 0 0 1598 5032; x_wconf 95' lang='lat' dir='ltr'> </span> 
     </span>
    </p>
   </div>
  </div>
 </body>
</html>
