3112 5032
443 445 616 494 balanan
639 445 979 494 ancnosnxonrcnn.
1167 431 1233 496 169

183 599 382 684 subscripsi.
439 602 479 681 »14
497 599 572 681 Ego
595 600 788 683 Eadbertus
813 601 995 683 episcopus
1020 601 1180 665 consensi
1202 610 1238 668 et

168 700 384 782 (subscripsi.
454 701 494 780 »14
519 700 595 781 Ego
626 698 827 765 ceoluulfus
864 701 1046 782 episcopus
1080 702 1238 768 consensi

142 835 154 856 .
185 806 220 863 et
250 799 447 882 subscripsi.
513 801 553 880 »14
581 799 658 881 Ego
687 800 826 864 Tilbere
855 801 1037 882 episcopus
1067 801 1237 868 consensi.

188 901 230 979 »14
261 898 405 978 Signum
444 917 567 962 manus
597 899 752 963 Bradani
788 899 964 981 principis.
1026 900 1066 979 »14
1093 899 1238 981 Signum

185 997 540 1066 manusBrihtuualdi
553 998 662 1063 ducis.
719 1001 759 1080 »14
775 997 920 1079 Signum
934 1015 1057 1060 manus
1069 997 1239 1064 Eadbaldi
1359 993 1364 1006 '

118 1173 121 1176 η
185 1097 362 1178 principis,
426 1099 479 1178 ,»14
504 1097 648 1179 Signum
689 1117 812 1162 manus
851 1096 1019 1161 Eadbaldi
1060 1099 1236 1181 principis:

191 1194 230 1273 »14
246 1194 391 1277 Signum
406 1215 529 1260 manus
543 1197 646 1262 Esnis
661 1199 837 1281 principis.
895 1199 934 1278 »14
953 1196 1098 1278 Signum
1113 1205 1238 1262 manus

189 1293 410 1378 Huuithusys
426 1296 602 1380 principis.
1017 1317 1018 1321 ’
1238 1301 1239 1304 ’

658 1593 773 1659 cxn.

492 1740 636 1821 onan,
659 1743 755 1825 Sept.
768 1742 847 1820 aar,
863 1741 939 1805 rso.

244 1892 284 1971 »14
299 1890 344 1952 ΙΝ
356 1890 493 1955 nomine
507 1891 751 1974 omnipotentis
765 1891 821 1954 dei
832 1891 1004 1956 etdomiui
1013 1892 1123 1956 nostri
1134 1891 1241 1958 Ihesu

190 1988 319 2053 Christi
333 1991 392 2071 qui
407 1990 496 2054 uiuit
509 1992 545 2054 in
560 1992 699 2056 saecula
715 1990 843 2059 Amen!
882 1991 958 2073 Ego
970 1990 1048 2054 Offa
1058 1992 1114 2056 dei
1126 1994 1240 2074 gratia

189 2089 396 2158 concedente
418 2111 482 2154 rex
503 2091 733 2155 Mercensium
757 2091 926 2173 simulque
945 2091 982 2154 in
1007 2093 1153 2156 circuitu
1177 2112 1239 2157 na-

191 2188 333 2266 tionum,
348 2190 459 2253 sciens
474 2198 566 2255 certe
581 2191 673 2272 quod
688 2199 814 2256 cuncta
828 2209 917 2272 quae
930 2190 1089 2254 humanis
1103 2193 1240 2274 conspi-.

191 2287 327 2352 ciuntur
355 2290 463 2352 oculis
486 2292 686 2355 transitoria
708 2310 795 2367 esse,
821 2297 857 2354 et
881 2309 969 2372 quae
994 2291 1146 2374 conspici
1170 2312 1240 2372 non

191 2395 336 2468 possunt
351 2396 490 2454 aeterna
510 2389 595 2467 lieri,
617 2397 652 2454 et
671 2391 763 2471 quod
783 2410 860 2456 cum
882 2389 936 2453 his
956 2391 1164 2455 transitoriis
1181 2410 1239 2455 aa

192 2492 291 2550 terna
315 2489 459 2551 mercari
483 2507 596 2571 posse.
650 2489 803 2570 Ideoque
827 2508 892 2570 pro
919 2507 995 2551 mea
1020 2509 1241 2572 meorumque

192 2586 461 2669 propinquorum
486 2596 653 2670 perpetua
682 2588 817 2672 animae
841 2586 965 2664 salute,
993 2586 1083 2652 dabo
1114 2595 1241 2671 terram

193 2687 319 2767 septies
343 2686 466 2768 quinos
490 2687 748 2751 tributariorum
773 2686 894 2767 iugera
921 2685 1167 2768 continentem,
1197 2689 1241 2752 ad

194 2786 437 2850 monasterium
466 2787 558 2867 quod
587 2787 784 2851 nominatur
808 2784 982 2862 Breodun,
1004 2785 1041 2848 in
1064 2787 1244 2868 prouincia

196 2882 455 2963 Huuicciorum,
481 2887 584 2949 etad
609 2885 810 2949 aecclesiam
836 2884 930 2968 beati
955 2883 1053 2968 Petri
1076 2885 1241 2970 principis

194 2984 427 3065 apostolorum
449 3004 539 3066 quae
561 2984 686 3048 ibidem
708 2985 744 3047 in
767 2985 844 3052 loco
869 2983 938 3047 sita
962 2990 1026 3062 est,
1044 3005 1149 3067 quam
1172 2987 1241 3050 Ea-

195 3082 333 3146 nuulfus
356 3102 442 3147 auus
470 3103 566 3148 meus
592 3085 703 3148 erexit
725 3085 769 3147 ari
794 3083 930 3146 landem
957 3091 993 3148 et
1015 3084 1161 3165 gloriam
1185 3086 1241 3150 dei

195 3182 345 3246 uiuentis
364 3183 563 3247 insaecula.
615 3183 680 3246 Est
696 3191 812 3247 autem
831 3201 891 3246 rus
906 3184 1099 3264 praefatum
1119 3186 1155 3248 in
1171 3203 1241 3250 1111.

195 3281 324 3344 uillulis
344 3290 560 3364 separatum3
584 3281 650 3346 hoc
673 3289 727 3346 est
748 3283 978 3362 Teottingtun
1002 3283 1061 3364 qui
1083 3285 1170 3348 situs
1190 3293 1244 3348 est

147 3427 148 3432 η
195 3380 295 3443 iuxta
312 3382 460 3444 riuulum
484 3381 575 3463 quod
598 3389 819 3465 nuncupatur
836 3381 985 3444 Caerent
1007 3398 1078 3444 .V.
1101 3401 1242 3448 manen-

196 3480 304 3559 tium3
331 3480 410 3544 huic
434 3482 569 3545 adiacet
590 3481 724 3544 uiculns
746 3482 806 3562 qui
832 3481 1029 3543 nominatur
1048 3487 1105 3544 aet
1128 3481 1243 3545 Uuas-

195 3582 395 3643 sanburnan
426 3582 485 3663 qui
516 3581 619 3645 habet
644 3582 688 3643 ab
716 3581 847 3643 oriente
872 3579 997 3642 uadum
1031 3579 1090 3660 qui
1117 3579 1244 3645 dicitur

198 3677 445 3757 Geoluuaford,
460 3687 495 3744 et
508 3682 552 3744 ab
569 3679 744 3743 occidente
765 3679 944 3742 fontanum
967 3678 1058 3760 quod
1087 3679 1243 3746 nomina·

198 3784 255 3841 tur
270 3777 487 3862 Gytingbroc
502 3827 509 3842 .
524 3800 560 3844 x.
584 3785 816 3858 cassatorum3
852 3779 974 3843 tertius
990 3777 1125 3840 uiculus
1140 3787 1193 3844 est
1208 3781 1244 3844 in

197 3885 313 3941 monte
328 3899 429 3960 quem
447 3879 627 3942 nominant
647 3879 780 3942 incolae
802 3898 900 3942 mons
922 3877 1170 3940 Huuicciorum
1188 3887 1246 3944 aet

198 3975 451 4042 Codesuuellan
472 3998 579 4060 aeque
594 3998 630 4042 x.
646 3979 862 4042 mansionum
876 3999 884 4058 3
903 3985 938 4041 et
951 3983 1094 4058 quartus
1110 3977 1245 4044 uic'ulus
1341 4023 1343 4027 -

198 4075 263 4139 boc
289 4085 343 4142 est
373 4077 534 4143 Norbtun
567 4099 604 4142 x.
637 4079 848 4142 manentium
876 4078 976 4141 iuxta
1007 4076 1155 4139 riuulum
1187 4082 1253 4161 qui

196 4186 417 4260 nuncupatur
445 4177 541 4261 Tyri.
602 4179 678 4242 Ista
700 4198 781 4260 ergo
808 4177 1002 4241 conditione
1028 4175 1170 4254 firmiter
1193 4186 1245 4243 at·
