3188 5032
318 433 362 497 54
575 451 746 500 enarras
769 451 1111 500 nuouosnxomcnn.

324 607 538 673 Bestlessord
554 615 589 670 et
604 624 636 671 c.
652 609 688 671 in
704 606 911 671 Bradenfeld
927 608 987 671 ubi
1000 606 1246 671 monasterium
1266 607 1373 684 erexi,

324 727 410 790 quos
427 707 484 772 Ini
498 715 533 772 et
550 706 686 772 Conred
709 706 811 770 simul
832 706 1000 770 dederunt
1022 708 1153 790 pariter
1174 707 1291 783 tribui,
1314 708 1373 788 qui

324 809 413 872 fiunt
425 807 528 870 simul
542 822 723 870 ccnxxrn.
739 813 914 871 cassatos:
941 814 1063 870 uotum
1079 814 1193 870 autem
1215 805 1374 870 monachi

325 906 417 990 quod
431 906 515 970 mihi
528 905 714 989 spopondit
735 906 897 969 relaxans
919 907 1104 970 clementer
1119 905 1259 983 indulsi,
1274 925 1372 987 prae-

326 1012 425 1072 sente
440 1006 637 1072 uenerando
652 1005 808 1070 antistite
824 1005 949 1070 Hedde
966 1025 1101 1071 necnon
1114 1004 1299 1070 Aldbelmo
1312 1005 1373 1068 ab·

326 1109 405 1172 bate
419 1114 455 1171 et
471 1105 623 1171 Uuintra
637 1113 672 1170 et
685 1105 779 1170 omni
792 1103 923 1170 familia
946 1114 1064 1171 nostra
1078 1107 1114 1170 in
1128 1105 1284 1170 ecclesia.
1336 1105 1373 1168 Si

326 1207 403 1289 quis
417 1225 500 1272 uero
514 1213 636 1271 contra
649 1205 715 1270 boc
727 1205 903 1269 decretum
928 1206 1112 1273 abbatatus
1132 1205 1250 1270 uenire
1263 1211 1373 1286 temp·

326 1305 454 1372 tauerit
474 1306 531 1371 nel
556 1304 619 1370 bas
639 1305 843 1370 donationes
865 1325 985 1386 regum
1006 1305 1245 1387 religiosorum
1266 1305 1374 1370 tiran-

327 1407 406 1470 nica
419 1405 527 1471 fretus
540 1412 713 1488 potestate
734 1405 905 1470 uiolenter
914 1404 1049 1470 demere
1062 1405 1119 1470 uel
1133 1404 1268 1468 auferre
1282 1411 1375 1470 sata·

327 1506 429 1587 gerit,
442 1506 531 1569 sciat
547 1524 585 1569 se
608 1525 722 1569 coram
738 1504 878 1569 Christo
890 1505 1059 1570 rationem
1082 1506 1118 1570 in
1140 1504 1262 1569 ultimo
1276 1503 1374 1568 uiuo·

327 1624 403 1668 rum
426 1612 461 1668 et
482 1611 693 1670 mortuorum
707 1604 865 1669 examine
886 1604 1110 1669 redditurum.
1163 1604 1301 1686 Scripta
1323 1611 1376 1668 est

329 1725 412 1768 uero
433 1704 519 1770 baec
542 1706 711 1770 cautionis
734 1704 923 1787 singrapha
947 1723 1039 1768 anno
1068 1706 1111 1770 ab
1140 1703 1376 1768 incarnatione

329 1802 460 1870 Christi
472 1821 626 1868 ocxcrx.
643 1804 838 1869 Indictione
852 1807 934 1870 x11⁸.

384 1903 422 1985 ›1‹
438 1903 515 1988 Ego
540 1903 605 1968 Ine
628 1925 690 1968 rex
715 1905 885 1968 consensi.
941 1905 981 1984 ›1‹
999 1903 1075 1984 Ego
1098 1901 1287 1970 Atbelbald
1313 1921 1375 1968 rex

329 2003 527 2085 subscripsi.
556 2003 678 2085 ›lsEgo
688 2004 815 2068 Daniel
829 2005 1011 2086 episcopus
1020 2003 1219 2084 subscripsi.
1253 2002 1377 2082 ›11Ego

329 2101 466 2184 Befpha
481 2103 679 2185 subscripsi.
721 2105 760 2185 ᾖ
779 2104 856 2185 Ego
872 2102 994 2186 Egirid
1009 2103 1208 2184 subscripsi.
1246 2102 1286 2181 ›1‹
1301 2101 1377 2182 Ego

330 2201 459 2269 Hersid
473 2204 672 2286 subscripsi.
700 2205 740 2285 ›1‹
756 2203 832 2285 Ego
848 2201 1012 2269 Aldbribt
1028 2201 1227 2285 subscripsi.
1254 2201 1377 2282 ›lsEgo

329 2301 487 2384 Sranglic
499 2303 698 2385 subscripsi.
726 2306 766 2385 ›1‹
783 2304 860 2384 Ego
877 2303 997 2369 Halda
1009 2301 1208 2384 subscripsi.
1248 2303 1289 2382 »Β
1302 2301 1378 2382 Ego

330 2400 407 2468 Oba
430 2403 628 2484 subscripsi.
684 2405 724 2484 ›1‹
743 2404 821 2485 Ego
846 2403 964 2473 Selred
990 2402 1189 2488 subscripsi.
1246 2403 1286 2482 ›1‹
1302 2401 1379 2482 Ego

328 2501 476 2582 Egbritb
492 2503 690 2584 subscripsi.

770 2706 936 2773 XLVII.

390 2854 694 2925 UUIHTRAED
720 2854 783 2920 OF
809 2853 961 2932 KENT,
985 2851 1069 2938 July
1085 2853 1163 2930 700,
1178 2873 1218 2917 or
1232 2853 1308 2916 715.

384 3004 424 3086 tls
442 3005 486 3069 In
508 3005 646 3068 nomine
670 3004 729 3068 dui
751 3003 786 3068 di
811 3005 921 3068 nostri
947 3001 1006 3066 iliu
1031 2999 1102 3088 xpi.
1156 3001 1233 3084 Ego
1264 3001 1379 3066 uuiht-

328 3104 431 3168 redus
454 3124 516 3168 rex
542 3105 799 3168 cantuariorum
815 3102 1001 3186 prouidens
1017 3102 1101 3166 mihi
1122 3101 1159 3166 in
1181 3101 1299 3168 futuro
1320 3103 1379 3167 de·

330 3205 424 3269 creui
437 3203 520 3267 dare
533 3203 663 3286 aliquid
687 3204 803 3268 omnia
825 3202 910 3266 mibi
931 3203 1074 3267 donanti
1096 3207 1131 3266 at
1155 3202 1299 3266 consilio
1321 3220 1378 3265 ac-

329 3311 431 3387 cepto
452 3304 580 3368 bonurn
601 3303 715 3367 nisum
731 3311 785 3369 est
799 3302 954 3367 conferre
976 3301 1138 3367 basilicae
1160 3301 1283 3367 beatae
1306 3321 1379 3366 ma·

329 3405 390 3468 riae
416 3404 599 3486 genetricis
619 3401 654 3467 di
670 3423 760 3486 quae
783 3404 852 3467 sita
873 3410 927 3467 est
953 3401 990 3466 in
1012 3401 1089 3465 loco
1109 3401 1169 3483 qui
1191 3401 1317 3467 dicitur
1337 3401 1379 3466 li-

329 3505 468 3586 mingae
494 3510 621 3567 terram
651 3520 708 3566 1111
738 3510 931 3567 aratrorum
956 3521 1045 3584 quae
1071 3501 1196 3564 dicitur
1224 3499 1378 3582 pleghel-

329 3611 465 3668 mestun
483 3651 491 3667 .
507 3622 584 3666 eum
607 3604 742 3667 omnib:
767 3602 811 3667 ad
833 3602 975 3666 eandem
1000 3609 1128 3665 terram
1149 3600 1377 3683 pertinentib:

329 3703 429 3767 iuxta
441 3703 639 3767 notissimos
654 3702 818 3767 terminos
832 3702 868 3765 id
883 3709 937 3765 est
944 3703 1093 3782 bereueg
1107 3748 1115 3764 .
1133 3707 1168 3764 et
1179 3700 1378 3780 meguuines

329 3801 418 3883 paed
442 3810 477 3866 et
502 3803 671 3883 stretleg.
697 3803 846 3866 terrulae
872 3821 984 3884 quoq:
1011 3807 1146 3883 partem
1169 3799 1322 3863 eiusdem
1345 3798 1380 3863 di

330 3901 497 3982 genetrici
511 3904 634 3966 beatae
656 3903 784 3966 mariae
807 3902 963 3966 similiter
984 3901 1020 3964 in
1041 3906 1246 3981 perpetuum
1269 3897 1379 3980 possi-

330 4000 476 4064 dendam
498 4002 651 4083 perulono
669 4049 677 4064 .
693 4003 790 4066 cuius
817 4001 1023 4065 uocabulum
1037 4006 1090 4063 est
1105 3998 1378 4079 rnminingseta.

330 4099 374 4163 ad
395 4107 533 4182 pastum
549 4101 709 4166 uidelicet
731 4102 847 4166 ouium
870 4106 1101 4165 trecentorum
1126 4147 1133 4162 .
1158 4097 1202 4162 ad
1228 4099 1379 4164 australi

330 4199 455 4281 quippe
479 4199 628 4264 fluminis
654 4221 742 4283 quae
769 4201 964 4284 appellatur
994 4199 1185 4263 liminaea.
1215 4199 1380 4264 terminos
