3112 5032
345 442 411 508 188
599 461 771 510 curasan
794 460 1136 510 Ancuosaxomcrn.

345 618 536 684 litterarum
553 619 757 683 adnotamus
777 639 820 682 ne
835 617 923 682 forte
944 618 982 682 in
1004 624 1180 700 posterum
1195 617 1321 701 aliquis
1344 619 1394 702 ig·

345 722 526 785 norantiae
542 720 754 783 auaritiaeue
777 738 820 783 ea
840 718 979 781 decreta
995 717 1183 800 infringere
1198 727 1394 801 praesumat

346 839 435 902 quae
465 820 713 883 uenerabilium
737 820 891 883 uirorum
921 818 1010 881 fiunt
1035 818 1150 882 uerbis
1182 819 1392 884 confirmata.

344 916 1392 984 Annodominiciincarnationisnuc⁰nxxn⁰vu11⁰.indictione

343 1039 426 1083 uero
442 1022 523 1084 ΧΨ.
539 1022 598 1103 qui
613 1028 667 1084 est
681 1039 792 1084 annus
807 1035 919 1083 xxxa
934 1019 1033 1100 regni
1051 1017 1143 1083 offan
1161 1020 1389 1083 strenuissimi

346 1118 444 1183 Meri
458 1121 549 1202 regis
565 1120 695 1185 sactum
710 1128 764 1185 est
777 1119 975 1203 pontificale
989 1118 1253 1183 conciliabulum
1268 1120 1304 1184 in
1318 1120 1392 1185 loco

344 1218 477 1283 famosa
498 1222 558 1304 qui
572 1220 698 1284 dicitur
711 1218 850 1303 celchyd
865 1218 1109 1302 praesidentib:
1133 1219 1236 1284 duob:
1261 1222 1391 1302 ardepii

344 1319 544 1385 Iamberhto
561 1322 693 1385 scilicet
712 1328 747 1385 et
765 1318 974 1402 Hygberhto
990 1319 1162 1384 mediante
1179 1339 1283 1402 quoq:
1300 1320 1390 1385 offan

343 1439 424 1502 rege
450 1440 529 1484 cum
554 1422 724 1485 uniuersis
753 1420 964 1503 principibus
999 1420 1091 1499 suis;
1124 1420 1172 1484 ibi
1195 1421 1286 1484 inter
1322 1421 1391 1485 alia

341 1520 443 1602 plura
472 1522 589 1604 aliqua
619 1522 796 1585 contentio
823 1519 917 1584 sacta
943 1527 997 1584 est
1025 1520 1116 1583 inter
1143 1518 1390 1586 heathorcdum

339 1621 412 1702 epis
435 1629 470 1686 et
484 1621 733 1686 wult'neardum
750 1621 858 1684 filium
879 1619 1015 1684 Cussan
1037 1619 1079 1684 de
1101 1619 1306 1685 haeriditate
1330 1621 1390 1686 he·

340 1720 446 1784 meles
483 1729 519 1785 et
548 1721 660 1786 dudae
686 1720 779 1803 quod
808 1728 888 1804 post
912 1720 1008 1783 obitii
1037 1722 1143 1783 suerii
1172 1721 1390 1787 nominarent

335 1815 385 1883 'ad
398 1829 728 1903 weogornacaestre‚
752 1821 817 1884 hoc
839 1826 893 1885 est
913 1821 1160 1902 intanbeorgas
1181 1827 1216 1884 et
1239 1821 1389 1886 bradan*

333 1920 416 2003 lege
431 1916 608 1986 uoluissetl
625 1941 708 2004 ergo
723 1920 947 1985 uultheardus
969 1919 1066 1983 illum
1086 1921 1274 2001 agellulum
1287 1941 1389 1985 auer-

339 2027 412 2085 tere
432 2022 475 2085 ab
495 2022 640 2085 ecclesia
659 2021 817 2103 praelata
835 2022 872 2084 in
884 2015 1167 2101 weogornaoaest
1185 2041 1263 2086 cum
1286 2023 1387 2104 igno-

340 2121 473 2185 rantiae
497 2128 532 2186 et
556 2122 775 2203 insipientiae
804 2122 850 2204 [si
872 2121 1053 2203 potuisset.
1105 2121 1205 2185 Tunc
1231 2122 1290 2185 ille
1314 2124 1387 2205 epi·

340 2221 480 2304 scopus]
503 2222 600 2286 illum
626 2221 801 2285 refutabat
822 2240 898 2284 cum
927 2221 981 2284 his
1011 2220 1158 2285 testibus
1180 2222 1240 2303 qui
1267 2241 1386 2286 eorum

333 2315 476 2387 nomina
497 2321 589 2386 infre
614 2321 745 2404 scripta
766 2322 962 2404 liquescunt
986 2339 1102 2384 coram
1133 2321 1293 2405 synodali
1315 2330 1385 2386 tes·

335 2423 492 2490 timonio.
545 2422 591 2488 Et
605 2423 720 2488 aiebat
735 2422 825 2504 quod
841 2423 873 2486 ei
887 2428 1018 2485 rectum
1040 2441 1110 2486 non
1124 2421 1221 2486 fieret
1234 2422 1297 2485 ulli
1316 2423 1386 2488 alio

336 2530 416 2605 post
435 2541 472 2587 se
491 2523 626 2588 tradere
652 2529 789 2606 praeter
819 2530 854 2587 et
889 2521 1095 2604 [antedi]ctii
1120 2523 1296 2588 ciuitatem
1314 2523 1385 2600 hoc

332 2630 389 2687 cst
402 2624 713 2706 weogrinacaestor
752 2623 799 2687 Et
812 2630 953 2705 propter
967 2642 1085 2687 eorum
1101 2641 1202 2704 prece
1217 2630 1253 2686 et
1266 2642 1384 2688 amore

334 2723 395 2806 qui
416 2724 513 2809 illam
528 2731 656 2788 terram
674 2723 946 2806 [adqui]sicrunt
961 2739 980 2806 7
998 2723 1042 2787 ad
1069 2723 1248 2786 ecclesiam
1269 2723 1384 2806 presa·

334 2830 406 2886 tam
421 2824 595 2888 dedissent
609 2824 660 2886 illi
674 2830 852 2888 senatores
871 2822 1021 2886 familiae
1040 2823 1293 2887 consentientes
1309 2824 1385 2887 lue-

331 2931 414 2987 runt
437 2923 575 2988 utillud
591 2924 780 2988 custodiret
796 2930 831 2987 et
850 2923 993 2987 haberet
1006 2922 1096 2985 diem
1117 2942 1228 2987 suum.
1280 2922 1382 2988 Tunc

332 3026 391 3086 ard
408 3025 501 3106 episi:
516 3025 618 3087 simul
640 3044 718 3087 cnm
741 3024 910 3087 uniuersis
924 3023 1193 3105 prouincialibus
1215 3023 1308 3105 episi
1331 3024 1384 3088 ita

331 3123 1382 3206 finemcomposueruntetreconciliauerunt.utwullheardus

326 3219 459 3287 ‘terram
488 3224 680 3306 possideret
709 3225 839 3288 tamdiu
868 3223 1003 3289 uiueret
1028 3240 1047 3307 7
1076 3230 1260 3306 postquam
1286 3225 1380 3288 niam

330 3331 468 3408 patrum
480 3325 653 3389 incederet
677 3325 750 3388 sine
773 3325 890 3407 aliqua
911 3324 1183 3389 contradictione
1198 3324 1296 3406 [illuc
1317 3325 1379 3406 ad]
1424 3373 1431 3384 .

329 3444 574 3506 weogernense
588 3425 786 3507 ec[clesiae]
801 3433 913 3488 terras
925 3431 996 3507 atq:
1008 3424 1144 3489 libellus
1161 3443 1237 3486 cum
1254 3433 1380 3490 semet-

328 3526 405 3607 ipso
434 3525 591 3589 redderet
621 3525 695 3608 [ubi
734 3545 879 3609 corpora
908 3525 1127 3607 requiescunt
1157 3523 1306 3589 hemeles
1343 3533 1380 3590 et

325 3619 480 3706 dudae.]²

364 3824 372 3858 ¹
390 3827 448 3878 MS.
458 3830 472 3876 3
483 3825 558 3875 reads
575 3841 603 3876 as
620 3825 731 3876 follows:
749 3825 766 3854 “
775 3825 838 3874 Wli-
865 3826 910 3875 alii
927 3831 985 3889 post
996 3842 1023 3877 se
1034 3827 1143 3892 madere,
1154 3830 1202 3880 nisi
1220 3829 1254 3879 ad
1265 3847 1380 3894 weoger-

328 3896 838 3959 heerdusergouolnitillasaweogorna
863 3911 921 3945 nam
949 3898 1087 3960 ciuitatem,
1115 3905 1141 3950 et
1168 3906 1268 3963 praeter
1289 3917 1376 3951 eorum

328 3968 432 4016 ciuitate
444 3971 567 4028 auertere,
579 3982 636 4016 cum
649 3968 804 4028 insipientia,
816 3969 838 4015 si
864 3982 938 4028 prece
949 3972 975 4016 et
984 3983 1068 4018 amore
1080 3970 1124 4031 qui
1141 3971 1211 4020 illam
1228 3975 1319 4021 terram
1331 3973 1378 4021 ad-

328 4039 467 4098 potuisset;
485 4036 530 4087 sed
541 4038 676 4099 episcopus
692 4037 763 4086 illum
775 4038 839 4085 uicit
864 4038 1010 4098 quieserunt
1025 4045 1051 4088 et
1069 4041 1102 4088 ad
1120 4041 1259 4103 praefetam
1277 4043 1376 4092 aeccle-

328 4122 386 4154 cum
405 4109 512 4156 testibus
529 4123 635 4168 quorum
653 4109 755 4156 nomina
772 4106 838 4155 insra
863 4108 926 4156 siam
946 4107 1078 4162 dederunt.
1121 4112 1191 4160 Tunc
1207 4113 1377 4174 archiepisco-

328 4181 453 4238 notantur,
464 4192 546 4226 coram
559 4179 679 4228 uniuersa
690 4178 778 4227 sinodo
788 4193 795 4236 ;
813 4183 838 4226 et
862 4179 938 4239 pus‚”
945 4182 993 4227 etc.

327 4245 411 4296 aiebat
428 4247 495 4308 quod
517 4249 612 4297 rectum
630 4263 678 4297 non
697 4253 773 4311 esset,
790 4247 837 4296 ulli
889 4246 1201 4311 ²l'lieinterpolationsare
1210 4251 1272 4302 from
1282 4254 1337 4304 MS.
1348 4259 1373 4304 2.
