3112 5032
347 413 413 482 228
596 431 768 480 curarim
791 431 1132 480 ruonosnxonrcnn.

348 591 438 656 dabo
454 589 640 673 Ciolburge
661 589 763 654 matri
783 608 893 668 meae,
915 591 946 654 si
961 589 1090 654 diutius
1105 589 1194 653 uiuit
1206 609 1309 672 quam
1323 610 1401 672 ego,

351 699 478 756 terram
495 708 624 756 .xL111.
649 690 863 755 manentium
886 697 943 754 aet
969 689 1249 772 Uuestmynster‚
1278 698 1314 755 et
1342 697 1401 754 aet

351 792 467 870 steca,
482 799 521 856 ut
534 792 660 856 habeat
676 810 774 854 suam
787 791 890 867 diem,
904 796 940 855 et
953 797 1076 872 postea
1088 790 1209 854 reddat
1223 789 1266 853 ad
1281 790 1401 855 Uueo-

350 912 552 974 gemensem
565 891 779 956 aecclesiam.
832 890 903 954 Pro
916 910 987 972 qua
1008 910 1045 954 re
1068 910 1111 954 ea
1130 889 1271 954 uiuente
1293 898 1333 954 ut
1353 891 1402 954 ibi

349 991 476 1056 habeat
490 992 737 1075 protectionem
751 999 788 1056 et
801 990 1036 1055 defensionem
1049 996 1171 1054 contra
1193 989 1405 1073 Beorclinga

349 1092 589 1170 contentione;
615 1099 650 1155 et
669 1091 699 1154 si
715 1091 840 1174 aliquis
860 1091 963 1154 homo
983 1091 1019 1154 in
1041 1091 1159 1173 aliqua
1179 1091 1403 1154 contentione

349 1192 579 1256 iuramentum
601 1191 634 1254 ei
655 1191 846 1256 decreuerit
861 1197 982 1268 contra
996 1191 1211 1272 Berclingas,
1226 1189 1402 1254 liberrima

205 1309 209 1317 ·
338 1292 417 1356 erit
439 1292 484 1356 ad
507 1292 730 1367 reddendum,
753 1311 831 1355 cum
854 1297 949 1354 recto
964 1289 1107 1354 consilio
1131 1289 1405 1373 propinquorum

350 1411 515 1471 meorum,
530 1392 591 1475 qui
605 1391 689 1455 mihi
702 1391 950 1455 haereditatem
969 1390 1157 1467 donabant,
1178 1397 1213 1454 et
1226 1411 1315 1468 meo,
1331 1411 1404 1473 quo

350 1493 383 1556 ei
397 1492 506 1573 dab03
522 1500 558 1556 et
571 1493 601 1555 si
617 1512 686 1556 non
701 1490 827 1555 habeat
839 1485 1068 1573 patrocinium
1078 1490 1115 1552 in
1128 1490 1269 1554 ciuitate
1282 1490 1405 1555 Uueo-

351 1593 526 1674 gornensi,
541 1598 663 1675 postea
675 1591 822 1674 primum
835 1596 981 1671 quaerat
997 1589 1041 1653 ad
1056 1589 1352 1672 archiepiscopum
1365 1591 1405 1655 in

352 1691 489 1756 Cantia.
542 1692 589 1756 Et
610 1692 640 1756 si
660 1691 710 1755 ibi
732 1711 801 1756 non
822 1690 961 1768 habeat,
977 1691 1022 1754 sit
1037 1690 1145 1753 libera
1159 1709 1236 1753 cum
1253 1691 1343 1754 ruris
1367 1699 1404 1756 et

350 1791 446 1856 libris
468 1793 512 1856 ad
530 1791 727 1874 eligendum
746 1790 987 1874 patrocinium,
1003 1790 1063 1854 ubi
1083 1789 1249 1872 placitum
1264 1791 1331 1854 sibi
1348 1791 1405 1854 fu-

351 1891 427 1956 erit.
479 1891 515 1955 Si
543 1893 644 1956 aliter
668 1892 741 1969 fiat,
763 1898 803 1955 ut
826 1910 897 1955 non
920 1897 1015 1973 opto,
1039 1889 1166 1972 aliquis
1191 1891 1295 1954 bomo
1318 1911 1405 1955 con-

349 1992 472 2057 tendat
500 1998 622 2057 contra
647 1991 753 2055 libros
776 2010 871 2055 meos
897 1991 954 2055 uel
980 1989 1227 2069 haereditatem
1249 1990 1406 2073 indigne,

350 2098 434 2168 tunc
458 2092 563 2156 habet
591 2089 777 2156 Alduulfus
803 2089 1040 2174 episcopusin
1066 2089 1276 2156 Liccetfelda
1298 2091 1405 2155 istius

351 2192 504 2256 cartulae
517 2209 725 2274 comparem,
740 2199 775 2255 et
790 2191 891 2254 amici
905 2197 941 2254 et
955 2191 1139 2255 necessarii
1150 2192 1216 2254 mei
1227 2199 1263 2255 et
1273 2191 1407 2254 fidelis-

350 2291 428 2354 simi
450 2292 549 2370 alias‚
571 2292 606 2355 id
633 2299 698 2369 est,
713 2291 889 2355 Eadberbt
911 2290 1123 2373 Eadgaring,
1145 2297 1181 2355 et
1203 2288 1407 2356 Aebelbeab

351 2391 498 2474 Esning,
529 2391 573 2455 ad
600 2392 893 2456 confirmationem
919 2390 1021 2454 buius
1042 2391 1105 2455 rei.
1163 2390 1266 2473 Rogo
1296 2392 1408 2456 etium

350 2488 521 2569 Aebelric,
535 2511 599 2574 pro
622 2511 738 2556 amore
762 2490 1008 2574 omnipotentis
1031 2491 1098 2568 dei,
1112 2498 1147 2555 et
1169 2492 1344 2574 praecipio
1367 2501 1408 2556 et

350 2592 493 2656 obsecro
516 2613 579 2676 per
604 2611 722 2655 omnes
745 2592 892 2656 uirtutes
913 2591 1098 2668 coelorum,
1113 2598 1153 2655 ut
1166 2592 1282 2655 nullus
1296 2592 1406 2656 homo

350 2691 440 2757 hanc
454 2692 659 2774 positionem
671 2691 785 2756 culcis
799 2690 941 2770 christi,
955 2710 1045 2772 quae
1055 2698 1232 2756 tantorum
1243 2693 1407 2756 uirorum

350 2791 549 2857 testimonio
563 2792 765 2856 confirmata
774 2798 844 2868 est,
855 2812 926 2856 nou
940 2799 1138 2874 praesumat
1152 2793 1317 2857 minuere.
1364 2793 1406 2857 Si

350 2911 456 2956 ausus
478 2899 533 2956 est
554 2892 679 2975 aliquis
693 2891 986 2956 confirmationem
999 2892 1103 2956 istam
1117 2892 1316 2974 infringere,
1340 2893 1406 2957 de-

350 2991 463 3056 leatur
476 2993 519 3056 de
533 2991 635 3056 laude
647 2991 714 3068 dei,
728 2991 758 3055 si
772 3011 842 3055 non
853 2991 1090 3056 satisfactione
1105 2992 1349 3056 emendauerit.

405 3092 445 3172 ›1‹
461 3091 538 3174 Ego
568 3089 752 3168 Coenuulf,
787 3104 851 3155 rex
886 3091 1107 3169 Marciorum,
1134 3091 1226 3156 hanc
1262 3092 1406 3156 munifi·

350 3190 499 3255 centiam
531 3189 647 3273 signo
667 3198 808 3254 sanctae
844 3191 955 3256 crucis
990 3191 1190 3274 subscripsi.
1259 3194 1299 3274 ›1‹
1322 3192 1407 3276 Ego

350 3286 606 3355 Aebelbeardus
635 3290 912 3374 archiepiscopus
941 3290 1218 3356 Dorouernensis
1243 3293 1404 3359 ciuitatis

351 3377 488 3472 signum
509 3398 651 3455 sanctae
673 3391 784 3455 crucis
799 3391 1003 3474 subscripsi.
1058 3394 1098 3474 ›1‹
1113 3391 1190 3474 Ego
1211 3390 1404 3460 Alduulfus

352 3489 613 3554 licetfeldensis
635 3491 817 3573 episcopus
841 3491 1011 3555 consensi.
1082 3494 1122 3574 ›1‹
1148 3492 1224 3574 Ego
1252 3492 1403 3557 Weren-

350 3590 450 3654 berht
482 3591 662 3673 episcopus
693 3585 860 3655 consensi.
929 3591 1069 3673 ›14Ego
1095 3592 1298 3674 Denebyrht
1327 3594 1403 3675 epi·

348 3695 475 3772 ¹scopus
490 3691 667 3756 consensi.
724 3692 763 3772 ›1‹
781 3691 857 3772 Ego
880 3689 1088 3756 Wulfbeard
1112 3692 1293 3774 episcopus
1316 3711 1402 3756 con-

349 3789 454 3853 sensi.
510 3791 550 3871 ›1‹
572 3783 650 3872 Ego
679 3781 882 3854 Eadwulfus
908 3791 1090 3873 episcopus
1115 3792 1281 3855 consensi.
1357 3795 1397 3875 ›1‹

350 3888 428 3971 Ego
446 3887 629 3954 ¹Heaberbt
650 3891 722 3954 dux
744 3889 942 3973 subscripsi.
999 3892 1038 3972 ›1‹
1054 3891 1129 3972 Ego
1153 3888 1311 3956 Beornob
1327 3892 1405 3957 dux

348 3988 547 4072 subscripsi.
618 3990 657 4070 ›1‹
678 3989 754 4070 Ego
784 3987 957 4054 Ciolward
986 3990 1059 4053 dux
1085 3989 1284 4073 subscripsi.
1355 3993 1399 4073 ›1‹

350 4087 426 4169 Ego
451 4087 641 4172 cynebelm
667 4088 739 4152 dux
764 4090 959 4171 subscripsi.
1016 4090 1056 4170 ›1‹
1073 4090 1149 4172 Ego
1175 4091 1302 4174 Wicga
1325 4092 1406 4156 dux

348 4187 546 4270 subscripsi.
611 4192 650 4272 ›1‹
666 4186 742 4272 Ego
770 4188 961 4272 Wigbeard
990 4189 1063 4253 dux
1090 4191 1289 4274 subscripsi.
1355 4195 1402 4274 ›1‹
