3112 5032
306 413 373 478 200
565 430 736 478 curasan
758 428 1095 478 ancnosnxonrcnn.

309 590 346 652 in
363 587 429 652 hac
451 589 626 672 paucitate
645 589 778 653 dierum
794 596 1003 665 nostrorum,
1017 605 1242 670 quaecunque
1264 590 1370 653 semi-

310 688 446 752 nouerit
473 689 587 767 homo,
614 688 698 753 hacc
723 697 758 753 et
780 696 905 753 metet:
940 688 1042 770 cupio
1065 706 1127 770 per
1150 688 1247 751 uitae
1268 708 1367 753 meae

310 789 503 870 praesentis
528 796 650 854 sancta
679 808 784 872 opera
810 789 955 852 mercari
987 786 1083 864 mihi,
1113 795 1149 850 et
1178 795 1307 852 metere
1329 789 1367 854 in

310 887 428 952 futuro
454 889 606 972 praemia
629 890 847 972 sempiterna.
900 887 1053 971 Ideoque
1082 886 1273 952 Patricium
1304 891 1369 952 ab·

312 987 428 1052 batem
443 987 684 1072 croylandiae,
699 1008 740 1052 ac
762 987 949 1053 monachos
963 1006 1045 1052 suos
1063 981 1191 1050 ibidem
1206 988 1272 1052 deo
1294 1008 1370 1052 ser-

312 1089 458 1167 uientes,
485 1095 520 1154 et
550 1108 677 1168 seruos,
703 1109 784 1153 suos
814 1089 1006 1166 uniuersos,
1042 1087 1223 1171 ipsumque
1251 1088 1371 1153 locum

314 1186 500 1272 Croyland,
516 1198 551 1255 et
571 1189 687 1253 omnia
708 1208 805 1271 quae.
820 1208 884 1252 sua
903 1196 996 1266 sunt,
1018 1188 1150 1269 accipio
1169 1189 1208 1251 in
1225 1207 1369 1253 manum

312 1306 436 1366 meam,
456 1297 497 1353 ,et
522 1295 688 1372 tanquam
707 1289 832 1354 fratres
854 1307 950 1353 meos
971 1288 1159 1352 monachos
1184 1289 1227 1352 de
1244 1297 1369 1355 sancto

313 1385 464 1466 Albano,
478 1389 604 1454 liberos
620 1396 654 1454 et
669 1390 801 1454 solutos
813 1409 888 1454 esse
902 1390 945 1453 ab
960 1389 1054 1456 omni
1069 1407 1171 1452 onere
1186 1389 1370 1470 saeculari,

314 1495 350 1553 ct
363 1490 498 1570 quietos
521 1490 648 1572 ubique
667 1509 730 1572 per
744 1509 888 1571 regnum
910 1509 1024 1553 meum
1050 1489 1093 1552 ab
1113 1489 1272 1553 omnibus
1287 1509 1371 1554 uec-

314 1586 477 1668 tigalibus
501 1588 619 1655 haberi
641 1590 834 1672 praecipio:
867 1597 903 1654 et
925 1590 1089 1675 confirmo
1115 1589 1243 1652 eisdem
1267 1609 1372 1671 prae-

312 1685 442 1750 dictum
457 1689 702 1753 monasterium
714 1709 826 1767 suum,
836 1709 913 1753 cum
923 1690 1081 1753 omnibus
1090 1689 1371 1771 possessionibus

313 1787 398 1864 suis,
423 1806 465 1851 ac
488 1789 565 1852 aliis
587 1789 702 1866 rebus,
717 1793 947 1872 quascunque
962 1796 1130 1870 cognatus
1145 1808 1242 1852 meus
1257 1808 1372 1871 quon-

314 1886 394 1949 dam
406 1886 558 1971 inclytus
573 1909 636 1953 rex
657 1886 919 1967 Aethelbaldus,
936 1889 1100 1952 fundator
1122 1888 1205 1952 dicti
1216 1909 1371 1953 monas·

315 1987 404 2064 terii,
427 1990 632 2067 contulerat¹
647 1990 788 2066 eisdem,
816 1997 850 2054 et
877 2009 1103 2072 quaecunque
1124 2008 1285 2070 proceres
1314 1992 1373 2056 sui

313 2086 370 2149 uel
385 2088 452 2150 mei
465 2096 588 2171 postea
611 2090 843 2168 contulerunt,
858 2108 921 2154 seu
940 2089 1119 2154 conferent
1142 2089 1180 2152 in
1201 2088 1373 2170 futurum,

313 2186 369 2266 uel
389 2207 614 2272 quaecunque
634 2189 752 2254 fideles
766 2189 896 2254 Christi
914 2189 1008 2253 dicto
1033 2190 1242 2254 monasterIo
1258 2189 1371 2275 Croy÷

311 2285 449 2351 landiae
472 2288 650 2353 conferent
685 2289 722 2353 in
755 2297 941 2354 aeternum.
997 2289 1097 2352 Istud
1124 2289 1370 2373 cirographum

312 2405 404 2451 anno
418 2388 664 2454 incarnationis
679 2389 809 2454 domini
827 2390 936 2454 nostri
960 2389 1065 2453 Ihesu
1082 2388 1211 2453 Christi
1234 2391 1371 2473 septin-

313 2489 504 2569 gentesimo
523 2491 745 2571 nonagesimo
768 2491 884 2567 tertio,
904 2510 969 2572 ego
986 2488 1064 2554 Offa
1077 2509 1140 2554 rex
1156 2488 1370 2556 Marciorum

221 2609 223 2614 ·
312 2589 466 2652 concessi
491 2596 527 2653 et
551 2590 763 2654 confirmaui.
820 2592 859 2673 ›1‹
876 2590 954 2672 Ego
978 2587 1209 2654 Aethelardus
1232 2591 1368 2656 archie-

309 2685 472 2770 piscopus
486 2690 774 2754 Doroherniensis
787 2691 955 2754 consensi.
1013 2692 1052 2773 ›1‹
1071 2689 1147 2771 Ego
1162 2688 1368 2771 Aegbaldus

244 2857 248 2866 ,
311 2786 492 2870 episcopus
520 2788 754 2855 Uuinchester
778 2791 975 2872 subscripsi.
1032 2791 1072 2872 ›1‹
1088 2789 1164 2872 Ego
1191 2788 1366 2856 Aldredus

311 2887 493 2970 episcopus
516 2891 817 2968 Dorcacestrensis
841 2890 1034 2954 subnotaui.
1092 2892 1132 2973 ›1‹
1149 2889 1226 2972 Ego
1244 2889 1367 2956 Aldul-

310 2985 399 3067 phus
425 2990 607 3073 episcopus
623 2989 800 3054 Lichefold
826 2990 1030 3068 collaudaui.
1088 2991 1128 3072 ›1‹
1143 2990 1220 3072 Ego
1240 2990 1366 3057 Benna

311 3086 417 3149 abbas
439 3088 482 3151 de
507 3089 787 3154 Medeshamsted
818 3089 1048 3155 corroboraui.
1100 3091 1139 3172 ›1‹
1156 3090 1232 3173 Ego
1262 3090 1366 3155 Ceole

310 3186 421 3268 burga
443 3190 619 3269 abbatissa
645 3192 687 3254 de
717 3191 852 3255 Berdea
884 3190 1046 3273 aspiraui.
1104 3191 1144 3272 ›1‹
1159 3190 1236 3272 Ego
1264 3190 1365 3256 Hea⁴

309 3285 483 3351 berichtus
495 3310 609 3355 comes
622 3291 667 3355 ad
680 3291 860 3373 imparium
870 3290 998 3355 domini
1011 3290 1078 3354 m'ei
1093 3289 1184 3372 regis
1195 3289 1304 3369 Offae,
1319 3293 1364 3356 ad

309 3386 382 3450 eius
405 3396 639 3474 praeceptum,
654 3391 719 3456 hoc
734 3390 1001 3475 chirographum
1015 3410 1120 3456 manu
1136 3392 1363 3475 mea'scripsi.

752 3686 925 3752 CLXIV.

714 3834 859 3913 OFFA,
881 3835 955 3901 794.

365 3983 404 4064 ›1‹
421 3981 542 4048 Ouuls
558 3983 676 4067 itaque
696 3984 798 4048 huius
820 3986 914 4054 uitae
936 3988 1160 4069 prosperitas,
1175 3989 1240 4053 deo
1262 3989 1366 4054 mise-

309 4088 420 4159 rante,
434 4083 565 4162 existit,
580 4086 684 4148 etiam
698 4093 734 4150 et
748 4084 884 4150 futurae
899 4087 993 4151 uitae
1013 4087 1190 4153 beatitudo
1207 4109 1247 4153 co
1257 4089 1366 4172 largi·

310 4187 390 4244 ente
403 4185 590 4263 perueniat.
645 4184 803 4268 Contigit
817 4193 932 4252 autem
952 4187 990 4270 ,in
1006 4188 1126 4254 diebus
1142 4189 1258 4254 Odani
1271 4189 1366 4272 regis
