3188 5032
496 441 668 490 curarim
691 441 1035 492 nnenosnxourcrs.
1212 430 1276 496 129

699 701 798 766 cvr.

400 848 422 892 *
445 813 722 916 uinearum
747 851 811 915 os
840 849 991 929 ΚΕΝΤ,
1014 852 1091 916 761.

278 1004 317 1082 ›1‹
335 1000 540 1072 Rneunnrn
565 1002 602 1066 in
627 1008 831 1086 perpetuum
858 1000 997 1065 domino
1022 1008 1154 1074 nostro,
1167 1003 1273 1070 Ihesu

222 1099 380 1167 Christo!
444 1102 639 1184 Unicuique
663 1103 860 1166 mortalium
881 1100 975 1165 uitae
998 1120 1082 1166 suae
1106 1105 1273 1170 terminus

222 1202 466 1283 omnipotentis
477 1203 532 1266 dei
544 1201 801 1284 dispensatione
816 1202 966 1266 incertus
978 1221 1054 1286 esse
1064 1202 1271 1285 dinoscitur;

221 1303 318 1366 uenit
331 1303 421 1365 enim
435 1303 593 1366 dominus
608 1301 652 1366 ad
665 1302 876 1367 uisitandum
890 1320 1028 1366 seruum
1043 1321 1144 1365 suum
1160 1304 1197 1367 in
1217 1305 1272 1370 die

221 1421 291 1483 qua
305 1423 374 1466 non
389 1411 517 1486 sperat,
533 1411 569 1467 et
583 1403 668 1466 hora
683 1422 752 1485 qua
767 1423 838 1466 non
852 1409 964 1484 putat.
1001 1401 1081 1479 Qua
1095 1393 1138 1466 de
1153 1423 1190 1467 re
1205 1424 1271 1487 ego

222 1501 416 1566 Eadbertus
436 1523 498 1567 rex
514 1501 672 1580 Cantiae,
688 1521 780 1566 anno
797 1505 934 1566 §nixu⁰
947 1503 1045 1583 regni
1064 1505 1185 1581 nostri,
1200 1522 1271 1570 una

220 1602 1269 1686 cumconsensuetoonsilioarohiepisccpiBreguuinietprin-

219 1702 333 1785 cipum
346 1723 511 1781 meorum,
525 1723 588 1786 pro
603 1710 745 1767 aeterna
758 1703 992 1785 redemptione
1007 1703 1142 1767 animae
1161 1725 1269 1784 meae,

220 1802 350 1884 aliquid
366 1823 410 1866 ex
424 1804 477 1867 his
493 1823 581 1886 quae
596 1803 680 1867 mihi
693 1803 784 1866 idem
801 1803 876 1885 ipse
891 1802 1049 1866 dominus
1065 1810 1101 1867 et
1115 1805 1270 1874 saluator

219 1910 348 1981 noster,
360 1911 563 1968 cunctorum
578 1904 747 1968 bonorum
759 1902 916 1985 largitor,
925 1903 1095 1981 tribuerit,
1110 1911 1268 1970 statuens

219 2003 347 2068 donare
365 2004 604 2085 decreueram3
629 2003 664 2068 id
685 2010 751 2081 est,
770 2003 917 2068 duarum
934 2003 1074 2067 nauium
1089 2011 1267 2070 transuec-

219 2103 322 2168 tionis
341 2123 493 2182 censum,
508 2105 568 2187 qui
583 2104 688 2169 etiam
701 2103 786 2167 iuris
803 2103 912 2168 nostri
927 2111 1002 2168 erat
1020 2103 1057 2167 in
1073 2104 1151 2168 loco
1169 2107 1267 2170 cuius

217 2204 423 2268 uocabulum
446 2212 500 2269 est
523 2204 567 2268 ad
583 2205 718 2281 Samae,
732 2203 833 2268 iuxta
845 2204 1045 2288 petitionem
1060 2207 1266 2271 uenerabilis

217 2304 412 2369 abbatissae
434 2304 659 2390 Sigeburgae,
681 2304 823 2387 eiusque
845 2323 965 2368 sacrae
990 2305 1265 2370 conuersationis

217 2404 378 2482 familiae,
392 2406 430 2468 in
456 2405 664 2469 monasterio
679 2403 798 2476 Sancti
816 2402 913 2468 Petri
928 2403 1019 2485 quod
1035 2405 1139 2468 situm
1162 2414 1216 2470 est
1228 2407 1266 2470 in

218 2502 340 2568 Insula
354 2504 504 2586 Tenaet3
523 2504 613 2569 sicut
632 2525 655 2568 a
673 2505 811 2586 regibus
824 2503 1033 2568 Marciorum
1042 2502 1265 2570 Aethilbaldo

216 2604 375 2670 uidelicet
388 2603 654 2669 clementissimo
668 2611 704 2668 et
723 2624 804 2687 rege
827 2603 930 2667 Offan
951 2603 1054 2685 longe
1079 2612 1161 2669 ante
1182 2625 1265 2683 conf*

216 2723 349 2769 cessum
365 2714 418 2771 est
431 2705 599 2770 tributum
612 2704 649 2768 in
662 2704 739 2769 loco
759 2704 857 2769 ouius
879 2704 1086 2769 uocabulum
1100 2712 1154 2768 est
1169 2705 1265 2769 Lun-

214 2804 382 2885 denuuic3
411 2806 555 2870 alterius
577 2824 661 2869 uero
684 2805 776 2888 quod
805 2824 939 2887 semper
963 2803 1181 2869 aedificatum
1210 2813 1264 2871 est

215 2905 252 2968 in
282 2906 492 2971 monasterio
516 2905 668 2970 eiusdem
698 2905 880 2988 religiosae
903 2903 958 2968 dei
987 2904 1136 2969 famulae
1163 2925 1264 2972 omne

215 3006 381 3071 tributum
411 3013 515 3089 atque
547 3005 698 3087 uectigal
727 3005 958 3083 concedimus,
987 3006 1078 3087 quod
1107 3005 1212 3071 etiam
1241 3025 1265 3072 a

216 3104 418 3171 thelonariis
445 3106 573 3172 nostris
602 3106 693 3170 iuste
720 3106 897 3189 impetitur
930 3105 1077 3188 publicis
1100 3106 1138 3169 in
1165 3107 1264 3185 locis,

213 3205 274 3288 qui
287 3207 506 3290 appellantur
518 3206 692 3275 Forduuic
708 3214 743 3270 et
757 3205 890 3270 Seorre.
937 3204 1031 3269 Hinc
1041 3205 1150 3288 igitur
1163 3226 1263 3289 prae-

213 3305 305 3388 cipio
319 3315 356 3372 et
369 3325 500 3391 precor,
515 3307 552 3370 in
580 3307 717 3370 nomine
739 3306 983 3388 omnipotentis
1008 3306 1075 3382 dei,
1097 3308 1264 3390 patriciis,

215 3404 370 3485 ducibus,
400 3407 593 3486 comitibus,
622 3406 854 3484 theloneariiS,
878 3406 1087 3482 actionariis,
1116 3407 1263 3490 publicis
1337 3392 1342 3400 ⁵

213 3505 452 3589 dignitatibus
483 3515 523 3572 ut
549 3507 636 3572 baec
665 3512 785 3572 nostra
812 3505 988 3570 concessio
1012 3505 1049 3568 in
1075 3504 1130 3569 dei
1153 3507 1261 3571 dona·

214 3605 307 3671 tione
325 3607 545 3674 aeternaliter
566 3608 613 3673 sit
634 3605 856 3687 confirmata3
877 3604 929 3670 ita
951 3609 992 3669 ut
1010 3622 1073 3668 nec
1093 3604 1177 3668 mihi
1199 3625 1263 3670 nec

214 3706 318 3771 alicui
332 3727 568 3773 successorum
581 3726 735 3772 meorum
752 3726 872 3788 regum
891 3705 965 3770 siue
979 3705 1184 3788 principum,
1201 3725 1263 3770 seu

214 3807 396 3872 cuiuslibet
420 3807 626 3874 conditionis
647 3807 887 3890 dignitatibus,
901 3805 1033 3870 nefario
1058 3805 1263 3870 temeritatis

213 3924 312 3986 ausu,
327 3908 369 3972 de
389 3907 588 3990 supradicta
609 3906 794 3972 donatione
813 3914 932 3972 nostra
953 3905 1084 3987 aliquid
1102 3904 1262 3976 fraudare

212 4007 268 4071 uel
284 4009 437 4073 minuere
452 4008 565 4073 liceat.
608 4008 646 4072 Si
668 4014 783 4072 autem
806 4004 1002 4088 eontigerit,
1016 4013 1057 4070 ut
1079 4005 1180 4070 nauis
1194 4005 1264 4071 ista

212 4116 316 4191 rupta
331 4116 366 4173 et
381 4107 559 4173 confracta
578 4108 636 4185 sit,
658 4106 714 4172 uel
729 4108 835 4172 nimia
851 4112 1025 4171 uetustate
1046 4114 1265 4188 consumpta,

212 4206 286 4273 sine
301 4209 418 4287 etiam,
428 4209 520 4292 quod
536 4209 638 4289 absit,
650 4207 832 4290 naufragio
846 4205 993 4290 perdita,
1008 4213 1047 4272 ut
1058 4205 1127 4270 alia
1136 4206 1173 4269 in
1186 4206 1262 4273 loco

1087 4323 1109 4371 x
