3188 5032
485 419 660 471 cunnrnn
682 420 1024 471 naonosnxonrcnr.
1231 406 1277 470 79

226 579 418 656 commodo,
441 579 535 661 quod
561 579 701 643 euenire
730 585 792 642 aut
813 579 1013 661 extorqueri
1035 579 1163 662 poterit
1188 579 1280 644 infra

226 681 339 744 dictos
363 680 503 758 limites,
530 687 603 744 tam
627 681 746 743 subter
758 687 898 757 terram,
921 697 1024 761 quam
1049 698 1180 762 supra;
1201 697 1281 744 curn

228 800 411 845 commune
432 787 596 863 pasturae
624 799 688 862 pro
711 779 805 843 omni
829 799 954 862 genere
981 779 1181 844 animalium
1206 799 1282 844 om·

229 882 331 946 nibus
353 881 500 944 seisonis
526 881 603 956 sibi,
617 885 654 942 et
669 879 864 942 hominibus
886 879 971 956 suis,
985 878 1060 944 siue
1083 879 1281 945 tenentibus

229 981 303 1045 suis
316 999 432 1044 secum
447 980 574 1043 ibidem
588 999 719 1054 moram
733 977 938 1043 sedentibus
952 997 998 1044 ex
1012 987 1159 1062 utraque
1180 985 1283 1061 parte

230 1099 342 1164 aquae
363 1081 407 1145 de
425 1079 629 1158 Uueeland;
652 1077 825 1156 uidelicet,
840 1099 885 1142 ex
899 1097 970 1144 nna
982 1087 1082 1162 parte
1104 1096 1214 1160 usque
1236 1077 1280 1142 ad

230 1199 353 1262 agrum
367 1181 410 1246 de
425 1177 717 1256 Medeshamsted‚
731 1186 768 1244 et
787 1199 832 1242 ex
847 1180 959 1243 altera
980 1187 1080 1261 parte
1101 1195 1212 1261 nsque
1235 1177 1280 1243 ad

230 1280 387 1345 aedificia
409 1281 453 1344 de
475 1277 711 1365 Speldelyng3
734 1298 812 1342 cum
827 1281 985 1344 omnibus
1007 1279 1223 1345 libertatibus
1246 1284 1282 1342 et

231 1381 348 1445 liberis
373 1379 691 1456 consuetudinibus,
714 1397 802 1460 quas
833 1380 929 1460 regia
959 1386 1114 1461 potestas
1141 1377 1281 1441 liberius

232 1478 336 1544 alicui
359 1480 546 1544 aecclesiae
573 1479 611 1542 in
632 1497 741 1560 regno
762 1497 839 1542 meo
861 1479 1046 1543 contulerit
1070 1477 1282 1561 temporibus

232 1581 424 1644 retroactis.
476 1580 524 1644 Et
544 1579 699 1643 districte
720 1577 895 1661 praecipio
911 1578 1002 1661 quod
1017 1578 1048 1642 si
1062 1578 1139 1660 quis
1161 1583 1285 1640 contra
1365 1564 1375 1574 ’

233 1679 298 1744 hoc
313 1699 410 1744 meae
424 1678 646 1744 authoritatis
665 1685 911 1742 testamentum
932 1677 1072 1759 aliquod
1094 1676 1284 1741 machinari

233 1779 513 1862 impedimentum
528 1778 808 1862 praesumpserit,
824 1797 894 1859 quo
907 1778 1023 1841 minus
1038 1777 1180 1861 pacifice
1201 1795 1283 1859 pos-

234 1879 370 1944 sideant
384 1879 503 1962 aliqua
520 1899 583 1962 per
598 1897 652 1942 me
667 1877 751 1942 data
774 1886 811 1942 et
828 1896 1004 1955 concessa,
1017 1885 1155 1942 centum
1177 1876 1284 1940 libras
1415 1901 1417 1904 ·
1458 1897 1459 1900 ¹

235 1978 357 2062 legalis
372 1985 532 2044 monetae
546 1978 710 2042 thesauro
730 1997 808 2046 meo
829 1977 1016 2060 persoluet,
1030 1997 1167 2044 necnon
1182 1975 1284 2040 dictis

235 2071 427 2144 monachis*
444 2098 508 2163 pro
531 2078 666 2144 damnis
694 2084 731 2143 et
760 2078 922 2160 expensis
950 2077 1054 2160 digne
1081 2075 1283 2142 satisfaciat.

236 2180 413 2262 Deprecor
433 2197 552 2244 omnes
576 2185 736 2261 posteros
756 2195 851 2242 meos
873 2176 957 2244 mihi
974 2178 1018 2242 ad
1039 2189 1285 2259 regnum'snc·

236 2279 409 2356 cedentes,
438 2285 479 2343 ut
505 2277 596 2342 hanc
630 2295 778 2360 poenam
808 2283 844 2343 et
877 2296 1058 2344 censuram
1092 2295 1205 2341 meam
1233 2275 1285 2340 ita

236 2381 421 2444 obseruent
443 2377 659 2455 inuiolatam,
678 2377 769 2441 sicut
791 2377 965 2441 noluerint
985 2377 1136 2460 recipere
1149 2375 1287 2439 debitae

235 2479 390 2542 iustitiae
408 2478 610 2562 praemium,
625 2484 661 2541 et
683 2476 829 2540 euadere
851 2477 1053 2559 rapacitatis
1068 2474 1286 2558 supplicium.

238 2577 309 2656 Qui
330 2598 414 2642 uero
428 2578 532 2643 istam
553 2576 795 2642 eleemosinam
816 2595 928 2641 meam
949 2575 1150 2658 prouexerit
1171 2581 1207 2638 et
1227 2574 1287 2638 de
1417 2609 1419 2620 ·

237 2677 438 2754 fensanerit,
460 2678 496 2741 in
519 2685 613 2742 sorte
635 2675 822 2742 electorum
840 2675 897 2740 dei
917 2682 1155 2739 remuneretur
1176 2679 1288 2738 eeter-

237 2777 373 2842 naliter.
426 2777 619 2842 Firmatum
645 2783 699 2840 est
727 2776 794 2842 hoc
820 2775 1086 2858 chirographum
1107 2791 1225 2838 meum
1249 2775 1288 2838 in

239 2897 331 2942 anno
347 2877 391 2941 ab
405 2876 643 2943 incarnatione
659 2875 790 2941 Christi
804 2892 952 2941 nccxvr.
966 2875 1060 2958 quod
1082 2881 1121 2940 et
1138 2873 1288 2956 hispro·

235 2978 407 3044 habilibus
421 2979 568 3042 testibus
580 2983 725 3044 sanetae
739 2977 851 3042 crucis
865 2975 992 3042 indicio
1006 2975 1224 3040 subnotatur.

293 3078 334 3158 ›1‹
359 3077 436 3159 Ego
455 3075 706 3142 Aethelbaldus
730 3097 792 3142 rex
807 3077 1017 3142 Mer-ciorum
1035 3074 1191 3158 gratuito
1204 3090 1289 3138 con*

241 3177 570 3248 sensuconlirmaui.
610 3178 650 3258 ›1‹
667 3176 744 3258 Ego
755 3175 1007 3242 Brihtuualdus
1015 3173 1291 3241 Dorobernensis

239 3277 519 3360 archiepiscopus
549 3277 731 3344 ratificaui.
786 3278 827 3358 ›1‹
844 3277 927 3360 Ege.
951 3275 1167 3360 Uuynsridus
1194 3273 1289 3338 Men·

189 3407 191 3413 ·
241 3377 372 3442 ciorum
394 3377 575 3461 episcopus
599 3377 801 3458 approbaui.
857 3375 900 3458 ⁸¹1⁴
920 3375 1137 3458 Ingnunldns
1160 3371 1289 3438 Londi÷

242 3477 371 3542 niensis
389 3473 579 3560 'episeopus
604 3495 696 3541 mere
711 3477 892 3544 :consensi
948 3476 989 3556 ›1‹
1004 3476 1081 3556 Ego
1095 3472 1290 3538 hduuinns

243 3575 410 3641 Lichiield
438 3577 620 3660 episcopus
649 3575 826 3657 adeptam.
883 3576 925 3656 »Β
939 3575 1016 3656 Ego
1050 3573 1179 3638 Tobios
1204 3571 1291 3636 Rof-

241 3676 349 3742 fensis
363 3676 547 3759 episcopus
559 3674 765 3742 collaudari.
808 3672 1169 3756 *Egonethelredus
1184 3673 1292 3736 abbas

242 3776 286 3841 de
315 3775 499 3860 Bardoney
530 3776 678 3840 multum
707 3775 878 3840 affectari.
934 3774 974 3854 >1⁴
990 3773 1068 3856 Ego
1095 3769 1293 3854 Ecgbaldus

243 3877 351 3943 abbas
385 3877 429 3940 de
466 3875 746 3940 Medeshamsted
778 3875 863 3939 illud
892 3874 967 3938 fieri
1004 3874 1128 3938 deuote
1157 3870 1291 3952 rogaui.

249 3979 289 4058 ›1‹
304 3976 381 4058 Ego
405 3975 506 4058 Eggo
521 3994 635 4042 comes
650 3974 797 4038 Lincoln
819 3975 1000 4038 consilium
1016 3971 1107 4038 dedi.
1163 3973 1202 4052 >1⁴
1217 3971 1294 4052 Ego

247 4074 425 4140 Leofricus
435 4091 550 4139 comes
567 4074 786 4158 Leycestriae
798 4093 977 4138 assensum
991 4071 1144 4156 praebui.
1172 4070 1295 4152 »1⁴Eg0

246 4175 471 4258 Saxuulphus
509 4173 600 4241 filius
646 4173 841 4257 Saxuulphi
883 4173 1019 4238 comitis
1063 4171 1294 4237 corroboraui.
