3188 5032
288 376 332 458 92
553 389 725 439 cararia
748 389 1090 441 Arcoosnxorucin.

290 549 382 631 regis
391 546 609 613 Aetbilhardi
623 549 965 632 uenerandorumque
980 525 1346 613 antistitumbanielis

290 657 395 732 atque
414 649 603 727 Fortheris‚
625 650 900 733 optimatumque
922 668 1069 732 quorum
1092 648 1233 713 nomina
1255 649 1347 713 infra

290 769 368 814 cum
405 750 553 832 propriis
587 749 698 812 indita
737 749 1048 832 subscriptionibus
1086 749 1123 811 in
1160 749 1250 826 loco,
1287 749 1347 831 qui

291 849 488 932 appellatur
513 847 676 926 Pencrik,
706 849 928 916 euidentioris
957 849 1075 912 indicii
1101 850 1346 913 documentum

292 956 490 1034 praestant.-

347 1050 387 1130 ›1‹
421 1049 499 1131 Ego
525 1047 774 1112 Aethilbardus
808 1067 871 1112 rex
907 1049 1067 1132 propriae
1102 1068 1226 1113 manus
1262 1048 1343 1110 sub-

292 1148 478 1231 scriptione
520 1148 610 1212 banc
651 1149 874 1214 donationem
918 1157 1029 1214 ratam
1071 1149 1145 1214 fieri
1187 1149 1346 1212 decerno.

298 1250 338 1330 *1⁴
361 1248 438 1331 Ego
468 1247 688 1331 Frithogitha
724 1250 844 1335 regina
880 1251 1038 1314 consensi
1076 1257 1112 1313 et
1148 1248 1347 1329 subscripsi.

298 1350 338 1430 ›1‹
366 1348 442 1431 Ego
467 1348 708 1412 Beornfritbus
741 1350 849 1413 abbas
885 1351 1044 1414 consensi
1077 1357 1113 1413 et
1145 1347 1344 1430 subscripsi.

298 1450 338 1530 ›1‹
358 1447 435 1531 Ego
452 1448 592 1526 Daniel,
614 1449 725 1530 plebis
750 1449 806 1513 dei
827 1449 989 1527 famulus,
1011 1449 1101 1514 banc
1126 1449 1347 1513 donationem

289 1549 455 1612 canonice
479 1548 690 1614 confirmaui.
755 1550 795 1630 ›1‹
826 1549 903 1632 Ego
931 1549 1119 1615 Fortberus
1158 1549 1340 1631 episcopus

291 1648 499 1712 confirmans
520 1649 727 1732 subscripsi:
755 1656 792 1713 et
815 1669 933 1714 omnes
961 1650 1134 1732 principes
1159 1667 1343 1714 consense-

293 1756 375 1811 runt
397 1755 432 1812 et
446 1748 748 1814 confirmauerunt.
801 1750 891 1814 Sunt
915 1757 1031 1815 autem
1052 1750 1226 1815 territoria
1247 1749 1348 1814 istius

293 1839 397 1931 agelli
411 1848 571 1931 praefati,
586 1857 653 1914 etc.

717 2155 927 2221 LXXVII.

356 2301 723 2369 AETHILBERHT
747 2304 811 2368 OF
840 2302 991 2382 KENT,
1013 2301 1096 2367 aeth
1113 2303 1193 2366 Feb.
1219 2303 1297 2406 732.Ι

348 2455 388 2535 ›1‹
414 2455 461 2520 ΙΝ
484 2457 622 2521 nomine
647 2457 706 2521 diri
731 2457 766 2521 di
796 2454 980 2519 saluatoris
1009 2453 1044 2516 ni
1069 2452 1136 2517 Ihu
1159 2449 1230 2539 xpi.
1283 2451 1349 2516 Est

294 2555 424 2619 terrula
446 2557 615 2639 quaedam
639 2557 675 2620 id
698 2570 715 2616 r
735 2563 860 2640 quarta
884 2574 965 2638 pars
994 2553 1101 2618 aratri
1123 2554 1226 2616 unius
1247 2553 1348 2617 iuxta

294 2655 453 2720 liminaea
475 2657 542 2720 sali
563 2657 742 2739 coquendo
764 2655 986 2720 accommoda
1011 2672 1115 2737 quam
1135 2672 1200 2735 ego
1223 2653 1346 2717 aethil-

291 2755 436 2819 berhtus
453 2769 523 2820 'rex
545 2758 802 2823 cantuariorum
824 2755 953 2820 dudum
980 2754 1221 2837 praestiteram
1248 2761 1346 2819 ante·
1410 2767 1412 2772 '

295 2857 423 2919 cessori
444 2864 505 2920 tuo
530 2905 744 2922 .......
769 2863 805 2921 et
826 2864 866 2922 tu
883 2856 902 2919 ὃ
920 2855 1010 2920 abba
1032 2854 1235 2938 praesbyter
1255 2853 1346 2919 dun.

294 2956 364 3021 iam
390 2976 453 3039 per
474 2963 630 3040 tempora
652 2958 754 3040 plura
778 2977 834 3021 me
859 2962 1033 3020 annuente
1060 2954 1179 3018 eadem
1201 2973 1285 3018 usus
1309 2973 1347 3018 es

295 3057 528 3137 praestatione
589 3055 694 3122 Hanc
717 3059 829 3140 ipsam
856 3077 921 3139 ego
952 3075 1044 3119 nunc
1072 3054 1236 3118 terrulam
1262 3055 1346 3118 iuris

294 3157 362 3220 mei
384 3177 454 3219 non
475 3177 538 3240 pro
561 3157 707 3239 pecunia
725 3157 843 3239 aliqua
860 3155 1029 3221 saeculari
1042 3154 1103 3218 sed
1118 3175 1182 3237 pro
1196 3155 1346 3219 remedio

291 3263 432 3320 tantum
457 3258 592 3321 animae
617 3277 714 3322 meae
742 3257 803 3322 tibi
827 3247 1050 3322 et'ecclesiae
1072 3255 1195 3318 beatae
1218 3255 1347 3319 mariae

290 3357 351 3419 ‘cui
376 3362 438 3420 tua
458 3376 542 3439 prae
564 3365 618 3421 est
643 3358 855 3422 sollicitudo.
874 3358 925 3422 ita
950 3357 1064 3421 tribuo
1089 3362 1125 3418 et
1147 3354 1238 3418 dono
1263 3364 1303 3419 ut
1326 3376 1348 3419 a

294 3457 468 3539 praesenti
492 3457 548 3521 die
572 3464 608 3522 et
633 3465 787 3540 tempore
815 3465 952 3522 uestrae
980 3457 1027 3520 sit
1055 3455 1238 3538 potestatis
1270 3474 1346 3519 eam

296 3575 431 3639 semper
453 3557 579 3622 habere
599 3577 640 3622 ac
668 3558 844 3640 possidere
872 3556 1019 3641 qualiter
1040 3555 1139 3620 uobis
1166 3555 1346 3637 placuerit.

297 3656 344 3720 Et
357 3657 411 3720 ius
429 3658 561 3738 regium
581 3659 619 3723 in
638 3677 681 3721 ca
700 3658 860 3741 deinceps
882 3657 1015 3722 nullum
1037 3655 1253 3737 repperiatur
1274 3675 1347 3719 om·

291 3757 401 3821 uiuo.
432 3766 578 3840 excepto
601 3758 784 3822 dumtaxat
812 3758 883 3821 talo
910 3757 1012 3840 quale
1042 3755 1202 3837 generale
1232 3763 1286 3821 est
1310 3757 1347 3819 iu

296 3857 467 3921 uniuersis
492 3859 733 3923 ecclesiasticis
756 3859 856 3923 terris
879 3877 966 3940 quae
988 3857 1025 3920 in
1047 3856 1112 3919 hac
1128 3855 1252 3919 cantia
1272 3875 1348 3920 esse

296 3963 485 4020 noscuntur
500 3965 536 4022 et
549 3965 588 4022 ut
600 3958 728 4041 iugiter
741 3958 903 4023 firmitate*
928 4003 1140 4022 .......
1165 3955 1249 4019 haec
1270 3957 1348 4039 ipsa

296 4075 374 4120 mea
388 4055 529 4123 donatio
545 4058 686 4123 habeat.
701 4061 820 4124 subter
837 4059 892 4122 bic
910 4058 1047 4140 signum
1064 4057 1143 4120 siae
1157 4057 1269 4120 crucis
1286 4077 1348 4122 ox-

298 4157 461 4239 [praessi]
477 4165 617 4241 testesq:
641 4159 733 4226 illius
749 4168 788 4225 ut
803 4159 1022 4224 subscribant
1036 4163 1164 4240 petam.
