3188 5032
495 441 666 488 cunnrln
688 439 1030 491 Aucnosnxomcrn.
1205 430 1208 436 '
1245 427 1289 491 89

233 615 326 662 anno
338 597 530 662 dominicae
543 596 791 662 incarnationis
806 597 1112 680 septingentesimo
1124 598 1288 663 uicesimo

228 699 366 778 quinto,
395 698 581 762 indictione
604 705 740 779 quarta,
758 699 822 761 sub
844 699 1019 780 presentia
1035 698 1099 763 Ine
1122 699 1226 780 regis,
1253 707 1288 764 et

234 795 484 862 Beorhtuualdi
500 797 775 862 Dorobernensis
795 798 981 881 pontifioiS,
996 799 1288 862 uenerandorum·

234 913 301 978 que
324 900 520 962 antistitum
542 898 699 962 Danielis
729 905 833 981 atque
852 897 1038 963 Fordredis
1067 906 1104 963 et
1126 899 1287 977 aliorum,

236 1015 381 1079 quorum
397 999 538 1062 nomina
551 997 694 1063 inferius
708 1006 931 1062 annotantur.

292 1097 330 1179 ›1‹
353 1098 430 1180 Ego
448 1098 505 1163 Ini
527 1118 590 1163 rex
604 1098 764 1180 propriae
783 1117 907 1162 manus
928 1097 1180 1180 subscriptione
1197 1099 1288 1164 hano

235 1195 456 1262 donationem
478 1204 513 1262 et
531 1198 737 1275 libertatem,
764 1199 827 1262 sub
853 1197 968 1280 sigillo
995 1205 1137 1262 sanctae
1162 1199 1287 1277 crucis,

235 1303 346 1360 ratam
365 1298 439 1362 fieri
453 1298 610 1362 decerno.
669 1301 708 1381 »Β
728 1297 804 1380 Ego
820 1295 1049 1379 Aethilburga
1068 1297 1189 1380 regina
1203 1319 1286 1363 con-

235 1397 339 1461 sensi.
404 1400 443 1480 ›1‹
464 1399 541 1480 Ego
564 1397 757 1463 Baldredus
783 1418 846 1462 rex
874 1396 1088 1464 confirmabi.
1144 1400 1185 1480 ›1‹
1210 1398 1287 1480 Ego

236 1493 440 1560 Aethilhard
460 1497 567 1562 frater
586 1498 726 1580 reginae
748 1498 919 1565 consensi.
976 1501 1016 1580 ›1‹
1039 1497 1116 1578 Ego
1140 1497 1287 1564 Beorht-

235 1597 381 1661 uualdus
399 1597 674 1662 Dorobernensis
697 1598 882 1663 aecclesiae
909 1597 1199 1679 archiepiscopus,
1223 1597 1287 1662 Ine

235 1697 325 1778 regis
359 1698 580 1762 donationem
613 1706 648 1764 et
677 1697 871 1762 libertatem
901 1700 966 1762 sub
997 1696 1114 1779 sigillo
1144 1706 1287 1762 sanctae
1347 1765 1351 1772 ,

234 1797 346 1860 crucis
367 1798 581 1864 coroboraui.
638 1802 677 1882 ›1‹
700 1798 776 1879 Ego
792 1798 919 1863 Daniel
943 1797 1053 1881 plebis
1078 1797 1133 1860 dei
1151 1797 1286 1880 inspec-

235 1903 301 1974 tor,
324 1897 497 1980 adquieui.
554 1901 593 1981 ›1‹
623 1899 699 1980 Ego
727 1898 924 1962 Fordredus
946 1897 1128 1981 episcopus
1150 1898 1286 1979 signum

234 1997 344 2061 crucis
373 1998 542 2081 impressi.
631 2002 670 2082 ›1‹
705 1998 904 2063 Uualdbere
935 1997 1142 2081 praefectus,
1176 1997 1288 2062 Bruta

234 2097 441 2178 praefectus,
469 2097 714 2176 Aethelheard,
742 2098 908 2182 Umming
936 2097 1143 2181 praefectus,
1172 2097 1285 2161 Uuin-

234 2197 322 2260 celin
351 2217 478 2278 comes,
508 2219 586 2262 cum
620 2199 818 2283 praesentia
839 2197 1074 2283 populationis
1103 2215 1284 2262 consense-

237 2305 317 2362 runt
332 2306 367 2364 et
380 2299 616 2364 firmauerunt.

670 2541 857 2608 LXXIV.

646 2676 668 2720 *
692 2674 784 2753 INI,
806 2675 883 2742 725.

286 2806 325 2886 ›1‹
340 2810 523 2886 smmum
538 2808 747 2874 salutaribus
762 2807 966 2873 instruimur
981 2807 1139 2890 eloquiis,
1158 2809 1288 2875 amicos

236 2911 335 2976 nobis
350 2911 393 2974 de
410 2929 607 2974 mammona
628 2909 822 2990 iniquitatis
844 2907 1020 2973 faciendos
1042 2929 1129 2988 esse,
1145 2912 1204 2993 qui
1224 2931 1287 2976 nos

235 3013 270 3075 in
297 3017 439 3076 aeterna
468 3010 634 3094 recipient
659 3009 905 3091 tabemaoula3
939 3009 1030 3073 unde
1055 3030 1120 3092 ego
1144 3010 1200 3075 Ini
1224 3032 1288 3076 rex

239 3111 534 3188 Uuestsaxonum,
559 3128 729 3174 unacum
752 3111 898 3192 coniuge
917 3108 1156 3192 Aethdburge,
1178 3113 1287 3194 porti·

237 3212 398 3276 unculam
412 3219 536 3288 terrae,
551 3230 619 3293 que
634 3211 733 3274 nobis
747 3210 867 3274 diuina
881 3210 1137 3292 dispensatione
1159 3212 1288 3277 collata

237 3321 301 3389 est,
327 3313 382 3376 dei
404 3330 582 3376 seruorum
608 3311 805 3393 mancipare
827 3311 946 3374 usibus
963 3310 1188 3388 decreuimuS,
1218 3333 1288 3395 qua

237 3413 335 3476 nobis
349 3412 496 3495 amplior
507 3412 545 3475 in
559 3411 772 3475 haereditate
786 3411 954 3475 iustorum
969 3411 1082 3493 portio
1098 3411 1286 3492 tribuatur3

236 3519 363 3576 terram
376 3505 538 3575 uidelicet
549 3530 637 3593 quae
648 3511 697 3573 sic
707 3509 912 3592 appellatur,
922 3510 1054 3590 Sounig
1064 3526 1132 3572 xm.
1144 3530 1286 3574 manen-

238 3610 471 3688 tium‚Ghristi
486 3610 647 3686 familiae,
662 3611 800 3692 quaein
813 3608 1055 3691 Glastingburi
1072 3611 1288 3692 omnipoten-

237 3715 264 3778 ti
283 3712 422 3777 domino
445 3711 663 3775 uoluntariae
677 3709 870 3774 deuotionis
892 3709 1093 3792 obsequium
1109 3710 1288 3793 impendit,

236 3813 369 3878 liberali
388 3810 623 3898 munificentia
637 3810 811 3887 collatam,
829 3830 907 3875 cum
929 3810 1141 3874 conscientia
1155 3817 1190 3874 et
1205 3831 1288 3875 con-

237 3932 341 3978 sensu
364 3911 551 3975 uenerandi
573 3911 745 3994 pontificis
769 3911 965 3988 Fortheres,
986 3909 1192 3974 inconuulsa
1217 3913 1287 3976 col·

236 4013 366 4077 latione
380 4011 583 4074 donauimus
598 4010 850 4094 possidendam.
901 4011 952 4076 Ut
967 4010 1169 4074 certioribus
1183 4013 1288 4077 docu-

237 4114 362 4178 mentis
377 4111 536 4196 praefata
552 4112 727 4176 concessio
748 4112 939 4188 roboretur,
953 4111 1101 4193 propriis
1115 4112 1288 4196 subscrip·

237 4216 388 4280 tionibus
404 4213 512 4298 ipsius
527 4213 723 4277 donationis
747 4212 885 4277 titulum
905 4210 1102 4292 firmamus3
1126 4231 1288 4295 praesen-
