3188 5032
285 429 330 493 72
542 440 715 487 curnrrn
738 437 1080 487 rncnosnxoarcrr.

287 603 377 668 hanc
389 599 603 665 confirmaui.
646 600 686 679 »1⁴
702 599 779 681 Ego
789 599 991 680 Ecguuinus
1004 598 1188 681 episcopus
1203 595 1344 658 humilis

287 700 501 767 confirmaui.
558 700 598 779 »1⁴
613 698 690 781 Ego
716 720 779 763 rex
803 698 979 765 Genredus
1008 697 1241 762 corroboraui.
1299 695 1338 774 ›1‹

292 803 367 884 Ego
385 820 447 864 rex
463 798 543 864 orta
557 799 728 864 consensi.

754 1129 885 1197 LXII.

451 1320 473 1363 r
498 1287 764 1383 cnonarnn
791 1313 855 1379 or
880 1315 1089 1394 urncm,
1111 1317 1187 1381 710.
1220 1333 1224 1340 ·

348 1486 389 1566 ›1‹
406 1485 570 1548 Brunrrs
592 1483 832 1548 uniuersorum
854 1503 940 1548 uoce
964 1503 1142 1547 monemur
1157 1481 1352 1565 praeclara,

293 1602 516 1667 procuremus
531 1584 746 1648 incessanter
768 1584 842 1659 sine
865 1583 1094 1647 amaritudine
1108 1583 1233 1646 mentis
1245 1581 1349 1645 huius

295 1682 425 1746 saeculi
450 1684 637 1748 ambitione
660 1684 798 1766 integra
821 1683 981 1755 libertate
1005 1683 1136 1766 apertis
1157 1683 1270 1746 ianuis
1293 1682 1346 1745 in·

295 1789 389 1848 trare
409 1782 453 1846 ad
478 1803 555 1848 eum
581 1785 641 1865 qui
667 1803 731 1848 suo
757 1803 878 1848 cruore
905 1783 1037 1848 scelera
1059 1790 1179 1847 nostra
1204 1781 1345 1846 detersit

295 1881 443 1963 iniusta3
467 1883 549 1947 licet
569 1884 670 1966 primi
691 1883 922 1967 prothoplasti
945 1883 1096 1947 facinore
1119 1882 1262 1958 uiolata,
1284 1881 1346 1943 im-

296 1981 413 2064 probis
434 1983 709 2047 successionibus
724 1982 964 2048 deterioranda
977 1982 1277 2064 isticdegentibus
1292 1981 1344 2045 ui-

298 2081 478 2161 lescerent,
501 2089 617 2146 tamen
643 2084 802 2147 omnibns
825 2102 973 2165 namque
995 2073 1208 2165 sapientibus
1229 2088 1347 2145 notum

297 2198 339 2245 ac
363 2181 583 2248 manifestum
603 2190 742 2249 constat
755 2183 847 2266 quod
861 2184 955 2246 dicta
969 2182 1087 2247 sutura
1101 2182 1156 2246 uel
1171 2181 1264 2246 sacta
1284 2199 1348 2263 pro

297 2281 479 2364 multiplici
494 2301 759 2365 aerumpnamm
773 2283 1031 2365 perturbatione
1048 2289 1085 2346 et
1099 2281 1347 2363 cogitationum

298 2383 485 2462 uagatione
512 2382 708 2464 frequenter
732 2401 777 2446 ex
802 2383 966 2447 memoria
988 2381 1163 2458 recedunt,
1183 2381 1251 2444 nisi
1272 2381 1348 2444 lite·

298 2501 413 2546 rarum
436 2483 591 2564 apicibus
613 2490 649 2546 et
670 2482 848 2547 custodiae
868 2482 1005 2547 cautela
1025 2481 1272 2565 scripturarum
1294 2499 1347 2543 re·

297 2587 480 2646 seruentur
502 2581 603 2646 etad
626 2583 824 2647 memoriam
851 2590 1068 2648 reuocentur.
1109 2581 1253 2659 iccirco,
1281 2599 1346 2662 ego

300 2680 487 2746 Ceolredus
515 2679 717 2746 Aethelredi
748 2682 889 2746 Pendae
920 2683 1010 2746 filius
1043 2682 1110 2746 uiri
1141 2680 1349 2752 uenerabilis

300 2781 472 2863 Ecguuini
485 2781 686 2846 beneficium
698 2782 842 2864 dignum
855 2783 941 2847 duxi
955 2781 1187 2849 manifestare.
1234 2779 1349 2845 Reue-

299 2883 516 2946 rentissimus
531 2901 614 2947 uero
627 2883 810 2965 episcopus
824 2883 1027 2965 Ecguuinus
1043 2902 1065 2945 a
1080 2881 1241 2946 Romana
1254 2881 1350 2953 cruia

300 3001 471 3058 reuersus,
491 3002 652 3064 pompam
666 2982 784 3046 mundi
798 2982 1090 3065 paruipendendo,
1113 2982 1349 3064 episcopatum

300 3099 401 3144 suum
411 3082 550 3164 penitus
559 3082 794 3164 relinquendo,
806 3083 842 3146 in
851 3081 1208 3146 aecclesiaB.Mariae
1217 3099 1353 3162 semper

300 3181 445 3262 uirginis
470 3201 558 3263 quae
579 3181 724 3246 fundata
745 3190 799 3246 est
821 3183 858 3246 in
881 3182 1020 3260 Ethom,
1043 3201 1136 3246 anno
1161 3181 1260 3263 regni
1282 3181 1352 3252 mei

301 3282 415 3358 tertio,
439 3301 493 3344 me
513 3283 748 3346 consentiente
767 3283 851 3347 inibi
867 3282 997 3365 primus
1020 3281 1133 3346 factus
1155 3289 1209 3344 est
1231 3281 1350 3348 abbas.

303 3379 387 3444 Ideo
401 3401 465 3466 pro
480 3380 713 3464 redemptione
736 3383 871 3446 animae
890 3401 987 3446 meae
1000 3388 1036 3447 et
1050 3380 1351 3464 praedecessorum

302 3499 467 3558 meorum,
476 3490 512 3544 et
521 3500 583 3562 spe
592 3482 877 3546 remunerationis
886 3491 1059 3558 aeternae,
1073 3489 1200 3546 terram
1209 3480 1354 3562 triginta

301 3580 454 3662 quinque
479 3587 693 3645 cassatorum
712 3582 749 3644 in
763 3582 868 3664 plaga
882 3581 1169 3658 Uuareuuicensi,
1191 3580 1352 3649 uidelicet

304 3678 484 3762 Rageleia,
498 3679 607 3758 Arne,
631 3680 844 3760 Eccleshale,
864 3682 1120 3759 Uuiueleshale,
1146 3680 1354 3749 Eadriches-

303 3785 398 3857 tone,
425 3780 649 3858 Dorsintone‚
682 3781 821 3860 Brome,
851 3781 1039 3860 Mulecote,
1068 3780 1250 3860 Grastone,
1279 3782 1357 3847 Bu-

304 3879 457 3957 uintone,
484 3880 684 3958 Budisorde,
716 3880 1049 3960 Hildeburhuurthe,
1070 3882 1354 3966 praenominatae

304 3978 489 4044 aecclesiae
510 3981 545 4044 in
567 3987 772 4064 perpetuum
801 3982 941 4048 tradens
970 3981 1110 4047 donaui.
1161 3981 1215 4045 Sit
1237 3988 1352 4053 antem

305 4078 480 4158 praedicta
495 4087 587 4145 terra
600 4081 708 4146 libera
724 4083 767 4146 ab
782 4083 876 4147 omni
890 4082 1056 4146 mundiali
1069 4081 1260 4158 obstaculo,
1275 4101 1353 4145 cum

305 4177 462 4254 omnibus
477 4198 565 4262 quae
582 4180 626 4252 ad
640 4201 677 4245 se
691 4181 755 4247 rite
778 4183 948 4264 pertinere
963 4182 1199 4259 dinoscuntur,
1222 4189 1293 4246 tam
1316 4182 1363 4252 inv
