3188 5032
480 454 653 502 curaris
680 451 1022 501 lucrosuxourour.
1211 435 1276 500 135

220 615 330 680 tulam
351 614 388 676 in
409 631 474 676 sna
492 631 628 696 semper
650 610 813 677 firmitate
833 611 934 694 signo
951 610 1142 676 dominicae
1163 613 1274 676 crucis

220 713 393 792 roboraui,
408 722 445 778 ct
462 713 604 777 idoneos
625 719 732 777 testes
751 719 792 776 ut
811 719 847 776 et
867 711 1016 795 idipsum
1030 712 1195 790 facerent,
1210 713 1273 776 ad·

218 815 325 881 hibui.
363 813 493 880 Actum
506 813 626 878 indict.
642 829 705 876 xv,
715 831 808 876 anno
821 812 1012 876 dominicae
1024 812 1273 877 incarnationis

217 931 382 980 nconxu.

214 1076 215 1079 ,
272 1018 311 1096 ›1‹
326 1015 402 1096 Ego
417 1012 573 1096 Sigiraed
588 1030 652 1076 rex
662 1009 808 1076 Cantiae
822 1011 912 1076 hanc
923 1012 1143 1076 donationem
1159 1031 1271 1076 meam

98 1128 101 1134 ’
218 1116 319 1198 signo
342 1122 482 1178 sanctae
504 1113 615 1176 crucis
631 1111 803 1177 roboraui.
862 1114 901 1195 ›1‹
918 1112 995 1194 Ego
1010 1112 1186 1176 Eadbehrt
1207 1131 1271 1176 rex

218 1214 592 1280 Cantiaeconsentiens
606 1213 747 1295 propria
760 1231 866 1276 manu
879 1213 1092 1277 confirmaui.
1137 1212 1176 1293 ›1‹
1193 1212 1270 1295 Ego

218 1315 437 1398 Bregouuine
477 1313 754 1396 archiepiscopus
792 1313 951 1378 consensi
995 1320 1032 1377 et
1070 1313 1269 1396 subscripsi.

221 1417 261 1498 ᾖ
279 1416 355 1498 Ego
370 1413 537 1480 Aldhuun
552 1414 659 1477 abbas
675 1413 873 1496 subscripsi.
931 1413 970 1494 ›1‹
987 1412 1131 1495 Signum
1146 1432 1269 1478 manus

217 1516 425 1581 Suuithuun.
483 1515 522 1596 ›1‹
542 1514 689 1596 Signum
710 1532 833 1577 manus
848 1511 1076 1578 Aethilhunu.
1133 1513 1267 1595 ›14Sig-

215 1636 298 1680 num
310 1615 543 1680 manusEsni.
584 1615 623 1696 ›1‹
640 1613 785 1696 Signum
796 1632 920 1677 manus
931 1613 1091 1695 Egbaldi.
1133 1613 1268 1694 »14813-

216 1737 299 1781 num
328 1734 452 1780 manus
484 1713 682 1796 Uuighaad.
739 1715 778 1793 ›1‹
797 1714 941 1796 Signum
974 1732 1097 1777 manus
1127 1714 1265 1780 Bunan.

221 1819 261 1900 ᾖ
277 1816 421 1899 Signum
459 1833 583 1880 manus
613 1813 841 1878 Heabeorhti.
898 1814 938 1895 ›1‹
955 1813 1100 1896 Signum
1144 1832 1268 1877 manus

215 1916 400 1982 Tfidhem.

674 2079 808 2092 ,ι-

688 2213 794 2278 cxl.

439 2361 461 2405 *
485 2359 618 2426 OFFA
642 2360 707 2425 OF
730 2355 940 2440 MERGIA,
959 2360 1037 2425 764.

270 2512 309 2593 ›1‹
325 2509 531 2576 Raousuun
559 2510 596 2574 in
623 2517 828 2594 perpetuum
851 2509 990 2574 domino
1016 2515 1135 2573 nostro
1160 2506 1265 2584 Ihesu

216 2609 355 2675 Christo
366 2630 408 2676 ac
419 2611 672 2676 cunctamundi
683 2611 861 2675 iuraiusto
871 2607 1104 2673 moderamine
1114 2608 1265 2690 regenti!

215 2711 291 2793 Ego
314 2710 394 2774 Offa
417 2729 482 2774 rex
507 2710 730 2790 Merciorum,
744 2710 854 2792 regali
873 2709 1038 2792 prosapia
1056 2707 1265 2772 Marciorum

213 2811 390 2888 oriundus,
405 2818 510 2893 atque
520 2811 765 2894 omnipotentis
778 2810 834 2874 dei
845 2809 1102 2892 dispensatione
1113 2807 1266 2872 eiusdem
1304 2866 1324 2899 4

214 2912 423 2977 constitutus
438 2912 476 2974 in
489 2931 618 2994 regem,
632 2911 854 2977 considerans
869 2917 905 2976 et
919 2909 1073 2974 recolens
1088 2909 1181 2992 quod
1199 2927 1264 2972 uas

214 3011 391 3080 electionis
404 3011 633 3080 ueracissimis
652 3011 804 3078 innotuit
817 3010 943 3090 uerbis,
965 3010 1057 3094 quod
1077 3010 1154 3073 istis
1175 3016 1263 3073 tem-

214 3113 354 3195 poribus
381 3112 552 3178 instarent
580 3119 736 3196 tempora
762 3112 976 3196 periculosa:
1009 3109 1133 3174 iccirco
1155 3128 1263 3174 nnus-

215 3212 360 3296 quisque
374 3211 417 3277 de
431 3219 541 3278 semet
552 3212 630 3296 ipso
648 3212 784 3296 plenius
806 3211 936 3295 poterit
956 3229 1155 3292 agnoscere,
1171 3209 1263 3292 quod

217 3319 347 3395 quanto
363 3313 441 3395 quis
461 3314 498 3380 in
521 3312 587 3378 hoc
609 3320 746 3378 terreno
771 3310 967 3376 habitaculo
979 3311 1170 3392 longiorem
1183 3330 1264 3393 pro-

215 3413 362 3480 traxerit
381 3413 502 3491 uitam,
525 3419 625 3478 tanto
648 3411 827 3477 ueraciora
842 3430 918 3475 esse
938 3411 1055 3474 omnia
1069 3429 1158 3492 quae
1182 3410 1267 3475 olim·

215 3513 350 3596 antiqui
359 3520 458 3578 uates
472 3512 647 3596 implenda
660 3531 736 3577 csse
749 3510 1006 3594 praedixerunt.
1055 3509 1188 3574 lociroo
1203 3530 1264 3574 ne-

215 3614 402 3679 cessarium
431 3613 516 3678 duxi
543 3620 584 3677 ut
610 3633 673 3696 pro
700 3611 1003 3676 intercessionibus
1025 3608 1267 3692 plurimorum,

214 3733 278 3797 pro
294 3713 398 3778 uenia
409 3732 563 3778 meorum
577 3712 792 3790 delictorum,
814 3717 850 3775 et
870 3710 988 3793 requie
1006 3717 1176 3792 perpetua
1189 3709 1264 3773 adi-

214 3813 380 3897 piscenda
393 3814 528 3878 animae
545 3831 653 3890 meac,
662 3812 795 3896 aliquid
806 3832 851 3877 ex
865 3811 919 3874 his
928 3828 1017 3893 quae
1028 3810 1112 3873 mihi
1120 3809 1264 3891 largitor

214 3914 383 3978 bonorum
405 3913 558 3978 omnium
584 3910 743 3976 Christus
767 3912 925 3976 dominus
949 3911 1080 3986 donare
1101 3909 1266 3990 dignatus

216 4020 281 4092 est,
295 4012 330 4078 id
345 4019 411 4091 cst,
419 4019 547 4080 terram
562 4019 755 4078 aratrorum
769 4012 895 4094 uiginti
906 4011 944 4074 in
957 4010 1035 4074 loco
1050 4009 1147 4073 cuius
1160 4027 1264 4085 uoca-

214 4115 331 4179 bulum
350 4121 404 4178 est
426 4112 688 4196 Aeslingaham,
708 4131 796 4195 quae
815 4113 920 4176 etiam
941 4111 1033 4174 iacet
1047 4109 1092 4173 ad
1107 4109 1264 4173 occiden—
1352 4112 1355 4120 “

216 4215 320 4282 talem
350 4221 484 4298 partem
511 4215 662 4280 fluminis
691 4211 960 4310 Meduuuaeian,
996 4211 1160 4292 contigua
1189 4210 1265 4293 ipso
