3172 5030
486 448 659 497 curnula
683 449 1026 497 lncuosnxourorn.
1224 430 1277 495 '33

212 609 303 692 quid
334 626 536 692 possumus:
567 607 691 671 iccirco
721 607 866 672 terrenis
898 626 939 671 ae
968 605 1107 670 caducis
1133 611 1275 669 aeterna

222 715 257 772 et
281 728 445 774 mansura
468 708 625 773 coelestis
648 707 779 772 insulae
806 727 933 773 corona
956 706 1187 789 comparanda
1209 712 1273 770 est.

223 809 456 888 Quamobrem
493 828 557 890 ego
596 807 799 886 Ceduualla,
829 815 996 889 regnante
1027 807 1167 871 domino
1198 826 1273 884 rex,

223 911 374 992 aliquam
402 917 541 985 terram,
563 928 627 991 pro
650 909 786 973 animae
811 928 909 973 meae
929 907 1080 972 remedio
1103 913 1138 970 et
1159 906 1273 970 indul·

223 1011 341 1092 gentia
371 1009 585 1093 piaculorum
616 1029 781 1086 meorum,
812 1009 967 1074 conferre
992 1015 1027 1072 et
1051 1008 1181 1072 donare
1208 1005 1273 1074 Al-

222 1110 334 1175 delmo
363 1111 481 1175 abbati
508 1110 636 1175 deuota
663 1117 777 1174 mente
806 1110 1047 1188 decreueram3
1077 1107 1113 1171 id
1146 1114 1199 1171 est
1228 1127 1273 1171 ex

219 1220 366 1295 utraque
387 1219 486 1296 parte
500 1211 611 1275 siluae
632 1211 730 1275 cuius
754 1210 960 1275 uocabulum
983 1215 1036 1273 est
1057 1207 1214 1284 Kemele,
1230 1208 1274 1272 de

220 1313 379 1376 orientali
416 1313 522 1395 plaga
555 1311 692 1375 termini
727 1318 926 1388 stratarum,
959 1329 1068 1393 usque
1103 1309 1273 1372 famosum

219 1432 355 1478 amnem
381 1414 441 1496 qui
461 1413 588 1476 dicitur
608 1411 737 1488 Temis,
760 1428 792 1476 c.
815 1419 852 1476 et
873 1428 935 1475 xa.
955 1416 1154 1487 manentes;
1178 1414 1214 1472 et
1236 1409 1273 1473 in

220 1514 290 1579 alio
315 1514 391 1578 loco
416 1529 514 1578 xxx,
543 1512 586 1576 de
610 1511 770 1575 orientali
794 1518 894 1594 parte
924 1511 1033 1576 siluae
1057 1509 1211 1587 Bradon,
1237 1517 1273 1573 et

221 1629 254 1676 v.
282 1621 461 1700 manentes
485 1612 544 1676 ubi
568 1612 825 1692 coniunguntur
846 1612 915 1677 duo
942 1611 1085 1674 flumina
1108 1608 1212 1674 Abon
1237 1619 1273 1674 et

222 1713 364 1796 Uuilig:
385 1720 420 1777 et
441 1714 507 1777 hoc
522 1713 672 1776 maxime
690 1712 734 1776 ad
756 1713 982 1796 piseationem
1002 1712 1160 1775 fratrum.
1215 1709 1273 1774 Ita

220 1814 363 1879 firmiter
387 1821 422 1878 et
447 1812 665 1879 immobiliter
680 1813 765 1876 haec
788 1813 928 1896 largitio
951 1814 988 1877 in
1017 1813 1169 1876 futuram
1191 1830 1272 1893 pos·

219 1922 370 1980 terarum
405 1914 604 1999 progeniem
626 1921 850 1996 permaneat,
886 1922 926 1978 ut
960 1914 1076 1977 nullus
1113 1912 1272 1993 frangere

218 2016 320 2080 huius
336 2017 533 2081 donationis
549 2014 769 2098 priuilegium
787 2020 996 2098 praesumat.
1050 2013 1166 2096 Siquis
1189 2032 1272 2077 uero

218 2126 339 2182 contra
368 2117 457 2180 hanc
483 2116 766 2194 munificentiam,
802 2116 984 2198 tyrannica
1013 2120 1187 2197 potestate
1218 2113 1271 2178 in-

218 2217 334 2295 flatae,
362 2219 480 2282 uenire
508 2218 741 2299 temptauerit,
770 2217 859 2279 sciat
886 2235 924 2280 se
953 2214 1170 2280 obstaculum
1200 2213 1272 2279 irae

218 2318 273 2382 dei
303 2319 487 2395 incurrere,
517 2325 552 2382 et
581 2317 619 2378 in
649 2317 770 2380 ultimo
798 2317 957 2380 examine
984 2334 1100 2380 coram
1133 2313 1271 2380 Christo

219 2425 254 2481 et
274 2419 407 2500 angelis
429 2417 502 2480 eius
522 2417 691 2480 rationem
716 2415 868 2480 reddere.
921 2414 1059 2497 Scripta
1080 2421 1134 2490 est
1156 2420 1272 2477 autem

217 2518 303 2582 baec
324 2516 559 2581 munificentia
582 2515 767 2581 indictione
798 2531 881 2592 xru,
907 2512 1012 2578 Anno
1042 2515 1086 2578 ab
1111 2514 1270 2578 incarna-

218 2621 312 2684 tione
344 2617 473 2682 Christi
495 2632 734 2695 uouxxan,
757 2635 874 2682 mense
897 2613 1061 2698 Augusto
1091 2631 1189 2678 xnu.
1221 2613 1270 2678 kl.

218 2719 469 2801 Septembrium
485 2718 539 2781 die
554 2717 709 2780 feliciter.

269 2814 308 2894 *1⁴
333 2819 409 2902 Ego
435 2818 575 2882 Haeddi
598 2818 780 2900 episcopus
809 2816 1008 2898 subscripsi.
1063 2810 1102 2890 »Β
1125 2815 1269 2898 Signum

216 2941 339 2987 manus
354 2919 552 2984 Centuuini.
606 2912 645 2992 *1⁴
669 2919 813 3002 Signum
828 2935 950 2984 manus
967 2915 1193 2980 Ceduuallan.

680 3093 801 3104 -u-——u

676 3198 815 3264 XXX.

376 3374 398 3418 *
422 3367 635 3437 OSUUINI
659 3366 724 3431 OF
748 3363 900 3442 KENT,
917 3363 1014 3451 July,
1029 3365 1106 3431 689.

268 3521 313 3586 IN
339 3521 476 3587 nomine
501 3516 631 3583 domini
657 3513 768 3578 nostri
788 3512 871 3578 Iesu
897 3512 1045 3578 Christi!
1099 3515 1175 3596 Ego
1202 3513 1266 3577 Os·

215 3643 353 3707 uuynus
377 3643 440 3686 rex
456 3619 614 3694 Cantiae,
640 3635 703 3698 pro
727 3613 944 3678 absolutione
966 3633 1119 3678 meorum
1145 3632 1266 3696 pecca-

215 3731 341 3800 torum,
361 3723 404 3786 de
427 3729 520 3786 terra
541 3719 626 3782 iuris
640 3716 719 3793 mei,
735 3733 824 3798 quae
842 3713 925 3776 mihi
943 3733 989 3777 ex
1007 3715 1266 3796 propinquitate

214 3831 397 3906 parentum
420 3841 573 3886 meorum
595 3818 702 3893 uenit,
718 3823 823 3898 atque
847 3835 893 3879 ex
917 3813 1176 3879 confirmatione
1195 3815 1264 3878 cle-

215 3924 419 3989 mentissimi
432 3920 632 3987 Aethelredi
646 3917 737 3999 regis
753 3915 882 3980 collata
897 3922 962 3992 est,
977 3934 1083 3978 unum
1098 3924 1262 3994 aratrum,

214 4026 251 4090 in
275 4045 345 4109 quo
364 4027 459 4089 mina
477 4023 559 4086 ferri
572 4019 691 4084 baberi
708 4016 1046 4098 cognoscitur,·quod
1069 4017 1265 4098 pertinebat

215 4127 259 4191 ad
284 4133 412 4191 cortem
434 4143 523 4209 quae
545 4119 740 4205 appellatur
755 4117 924 4199 Liminge,
939 4116 1031 4198 quod
1054 4117 1158 4181 etiam
1181 4136 1263 4182 con-

213 4228 369 4292 iunctum
382 4234 436 4291 est
452 4233 562 4292 terrae
571 4218 776 4286 uenerabilis
791 4217 972 4301 presbiteri
984 4217 1191 4300 Brytuualdi
1201 4219 1263 4282 ab·

1088 4336 1111 4381 n
