3134 5030
309 402 376 469 25⁰
563 413 737 464 onnam
761 409 1102 462 nuonoslxonrcan.

312 591 412 636 suum
425 571 563 655 proprie
578 571 758 636 arbitrium
771 587 962 652 conparare
976 567 1126 653 pleniter
1138 573 1178 634 ut
1191 565 1369 655 iidiximus

311 672 523 756 procurabit.
574 669 692 754 Atque
714 670 819 736 etiam
843 671 985 752 insuper
1011 669 1061 734 sic
1085 670 1160 751 regi
1181 667 1369 733 coenuulf«)

312 770 396 836 dare
411 779 484 856 atq:
500 771 545 836 ad
567 773 617 837 rei
631 791 703 855 pup
719 817 728 837 .
746 791 785 835 ,ο
798 769 1009 835 condicionis
1022 770 1151 834 donare
1166 768 1370 833 decreuerat

311 872 372 936 ubi
400 872 459 936 uel
487 872 656 954 cuicumq:
689 870 834 935 utilitati
858 870 924 934 sibi
952 869 1026 934 sore
1054 869 1241 934 uideretur.
1292 868 1368 933 Pro

310 971 503 1055 agellorum
527 971 834 1037 Transmutatioue
858 969 957 1034 uerbi
986 969 1101 1052 gratia
1128 968 1282 1033 isdorum
1304 968 1368 1051 qui

312 1072 349 1136 in
363 1072 520 1156 partibus
544 1071 751 1136 suburbanis
773 1070 865 1152 regis
886 1068 1051 1153 oppidulo
1068 1068 1255 1133 feuresham
1272 1067 1369 1132 dicto

312 1171 387 1236 fieri
399 1172 606 1237 uidebantur
619 1219 628 1238 .
643 1171 709 1238 boc
724 1174 743 1236 ὅ
757 1177 871 1236 terrae
885 1169 1057 1255 particula
1066 1168 1212 1233 duarum
1223 1188 1368 1233 manen-

310 1272 398 1337 tium
410 1272 446 1336 id
460 1274 478 1336 ἔ
494 1291 542 1336 an
559 1272 688 1354 sulung
701 1270 761 1337 ubi
776 1272 821 1335 ab
842 1270 965 1335 incolis
988 1269 1176 1352 grafoneab
1191 1270 1369 1335 uocitatnr

313 1369 370 1442 Ab
394 1371 557 1455 aquilone
578 1373 709 1437 habens
738 1371 923 1437 terminum
952 1370 1142 1436 suuealuue
1167 1368 1319 1432 fluminis
1345 1388 1369 1434 a

311 1471 419 1556 plaga
432 1473 564 1538 oriente
578 1471 788 1554 suilibuuiug
799 1471 882 1538 lond
896 1489 920 1535 a
931 1477 1031 1553 parte
1052 1469 1257 1535 occidentali
1269 1468 1369 1533 ealh-

313 1573 397 1638 fleot
411 1576 455 1639 ab
464 1580 582 1638 austro
596 1572 819 1655 sigbearding
827 1568 1051 1636 meduueond
1066 1590 1126 1646 eac
1139 1569 1370 1652 suithhnning

314 1673 408 1738 lond.
460 1670 545 1756 Atq:
561 1692 698 1738 rursum
719 1671 755 1738 in
774 1671 901 1756 partib:
928 1670 1075 1736 australi
1096 1671 1134 1734 in
1155 1671 1298 1753 regione
1320 1690 1370 1734 on

314 1771 472 1838 liminum
486 1779 521 1837 et
534 1773 571 1837 in
584 1773 662 1838 loco
679 1773 750 1838 Ubi
772 1774 817 1837 ab
835 1771 1016 1854 indegenis
1030 1773 1075 1835 ab
1092 1770 1269 1846 occidente
1290 1768 1369 1835 Ka-

314 1873 532 1954 singburnan
553 1874 750 1957 appellatur
771 1872 962 1942 demediam
984 1878 1119 1956 partem
1142 1871 1245 1935 unius
1269 1890 1370 1934 man-

313 1973 491 2038 siunculae
504 1974 540 2038 id
555 1976 575 2038 b*
591 1993 636 2038 an
650 1973 754 2039 ioclet
783 1970 839 2038 Ad
854 1973 889 2037 id
903 1973 1046 2055 insuper
1056 1971 1176 2037 addito
1189 1972 1251 2044 illo
1263 1971 1369 2036 litore

313 2073 398 2138 foris
412 2074 584 2138 maritimo
608 2094 686 2139 cum
712 2073 867 2156 pristinis
892 2073 1064 2152 terminib;
1079 2072 1213 2137 cunctis
1222 2070 1274 2136 ad
1289 2091 1368 2135 eam

312 2192 459 2258 usquam
479 2175 545 2239 rite
566 2173 789 2257 pertiuentib;
805 2222 813 2239 .
830 2173 878 2238 Di
899 2173 1014 2256 gratia
1034 2171 1081 2258 qd
1105 2191 1169 2236 rex
1191 2171 1371 2237 coenuulf

312 2274 376 2338 bas
391 2271 525 2362 {idiotas
542 2274 691 2338 terrulas
712 2274 810 2338 uerbi
832 2274 947 2356 gratia
969 2270 1040 2338 Aet
1054 2271 1178 2356 gruson
1193 2291 1258 2337 aea
1280 2269 1367 2355 Atq:

314 2375 440 2440 iterum
453 2382 510 2440 aet
527 2375 781 2456 casingburnan
795 2374 965 2456 litoraque
979 2372 1040 2438 illo
1058 2393 1136 2438 cum
1156 2373 1284 2452 omnib;
1301 2391 1370 2436 uns

315 2475 495 2557 docunque
517 2474 680 2557 legitimis
704 2474 870 2539 limitibus
894 2472 1024 2557 campis
1048 2473 1206 2556 salsuges
1227 2473 1369 2556 pascuis

315 2575 414 2639 siluis
427 2573 584 2657 pratibus
606 2575 760 2659 paludib;
786 2573 915 2654 litorib;
941 2573 1111 2657 piscuosis
1137 2573 1206 2637 Seu
1231 2573 1370 2637 cunctis

315 2674 455 2740 aliunde
485 2675 574 2755 usib3
605 2674 804 2758 quisquilib;
840 2673 1057 2757 maritimisq:
1088 2673 1257 2741 fructibus
1295 2673 1369 2738 Pro

314 2775 383 2840 illis
398 2772 523 2863 pdictis
532 2775 722 2858 agellorum
734 2774 1010 2854 Uicissitudinib;
1021 2781 1080 2838 aet
1089 2773 1369 2838 sueordbliueum

316 2883 352 2940 et
367 2874 627 2958 ecgheanglond
645 2873 814 2939 Uulfrcdo
829 2874 886 2940 aio
902 2871 974 2963 esus
992 2873 1162 2940 ueraciter
1176 2880 1212 2939 et
1224 2873 1370 2938 firmiter

313 2975 350 3039 in
365 2976 488 3063 ppriae
501 2974 712 3040 condicionis
727 2994 768 3039 ae
786 2976 823 3046 in
844 2981 1010 3059 perpetue
1026 2973 1253 3058 possessionis
1267 2972 1370 3038 here·

314 3075 458 3140 ditatam
493 3095 571 3139 cum
601 3077 784 3139 uniuersae
810 3075 1022 3158 integritatis
1057 3075 1217 3140 libertato
1243 3093 1368 3158 perpe-

314 3175 455 3240 tualiter
468 3174 505 3238 in
518 3175 586 3262 diro
600 3176 791 3240 concedens
806 3175 942 3240 donabo
979 3174 1053 3240 Sibi
1076 3175 1144 3258 ipsi
1168 3173 1368 3239 habendum

313 3295 354 3340 ac
368 3281 533 3359 perpetue
547 3274 728 3340 fruendum
743 3296 784 3341 ac
798 3277 848 3342 sic
862 3275 907 3340 ad
922 3275 1092 3342 trahenda
1103 3274 1155 3339 Ut
1167 3283 1277 3340 semet
1290 3274 1370 3358 ipso

316 3375 500 3441 utillimum
510 3376 743 3442 &euideretun
758 3375 847 3441 Cum
855 3377 1038 3441 uniuersae
1048 3375 1217 3441 libertatis
1232 3372 1370 3462 pdictue

313 3477 554 3542 discretionem
582 3496 644 3559 per
671 3476 787 3542 omnia
814 3476 1023 3541 inmobiliter
1055 3474 1245 3540 secundum
1274 3473 1369 3559 quod

313 3583 440 3641 terram
454 3572 605 3663 pdictam
614 3574 761 3641 Uulfred
775 3577 831 3642 aie
845 3577 939 3660 episi
950 3583 1203 3660 conparauerat
1211 3575 1367 3640 haberet.

315 3673 399 3759 Atq:
409 3675 680 3742 baccondicione
688 3677 763 3760 regi
773 3677 956 3742 coenuulio
967 3682 1199 3742 transmutare
1210 3675 1292 3740 etin
1300 3675 1370 3742 diio

317 3777 449 3840 donare
461 3774 711 3842 diiudicauerat
732 3777 829 3842 Sicut
850 3778 1008 3862 superius
1024 3783 1139 3842 ratum
1163 3783 1200 3842 et
1219 3775 1369 3841 delibra-

321 3879 445 3942 tumet
459 3875 673 3944 infracrucis
690 3877 821 3943 uexillo
843 3883 879 3944 et
898 3879 962 3945 sub
982 3877 1115 3943 idoneis
1136 3876 1252 3957 testib;
1267 3876 1371 3942 robo-

315 3979 395 4041 ratir
410 3976 556 4042 habetur
568 3997 596 4043 :·
629 3977 779 4061 Insuper
786 3976 926 4043 additur
940 3979 1005 4044 hoc
1020 3977 1058 4042 Si
1072 3978 1173 4042 buius
1189 3976 1368 4042 uicissitu-

314 4077 404 4140 dinis
418 4095 566 4160 persona
580 4078 724 4161 quilibet
738 4099 783 4143 ex
798 4079 961 4145 utralibet
981 4085 1081 4163 parte
1103 4079 1192 4143 hane
1214 4097 1368 4160 commu·

312 4176 483 4241 tationem
508 4171 609 4244 aliter
634 4186 866 4244 transmutare
895 4187 957 4246 aut
985 4179 1117 4244 uiolare
1145 4179 1368 4263 temptauerit
