<?xml version="1.0" encoding="UTF-8"?>
<!DOCTYPE html PUBLIC "-//W3C//DTD XHTML 1.0 Transitional//EN"
    "http://www.w3.org/TR/xhtml1/DTD/xhtml1-transitional.dtd">
<html xmlns="http://www.w3.org/1999/xhtml" xml:lang="en" lang="en">
 <head>
  <title>
</title>
<meta http-equiv="Content-Type" content="text/html;charset=utf-8" />
  <meta name='ocr-system' content='tesseract 3.04.00' />
  <meta name='ocr-capabilities' content='ocr_page ocr_carea ocr_par ocr_line ocrx_word'/>
</head>
<body>
  <div class='ocr_page' id='page_1' title='image "./codexdiplomatic04kembgoog_0196.png"; bbox 0 0 3188 5032; ppageno 0'>
   <div class='ocr_carea' id='block_1_1' title="bbox 474 423 1271 497">
    <p class='ocr_par' dir='ltr' id='par_1_1' title="bbox 474 423 1271 497">
     <span class='ocr_line' id='line_1_1' title="bbox 474 423 1271 497; baseline 0.003 -11"><span class='ocrx_word' id='word_1_1' title='bbox 474 439 646 497; x_wconf 71' lang='lat' dir='ltr'><strong>ounnruu</strong></span> <span class='ocrx_word' id='word_1_2' title='bbox 668 439 1010 491; x_wconf 74' lang='lat' dir='ltr'><strong>nuouosnxourcnrr.</strong></span> <span class='ocrx_word' id='word_1_3' title='bbox 1227 423 1271 488; x_wconf 87' lang='grc'><strong>45</strong></span> 
     </span>
    </p>
   </div>
   <div class='ocr_carea' id='block_1_2' title="bbox 124 592 1271 1185">
    <p class='ocr_par' dir='ltr' id='par_1_2' title="bbox 124 592 1271 1185">
     <span class='ocr_line' id='line_1_2' title="bbox 124 592 1269 683; baseline 0 -21"><span class='ocrx_word' id='word_1_4' title='bbox 124 596 126 602; x_wconf 78' lang='grc'>’</span> <span class='ocrx_word' id='word_1_5' title='bbox 212 600 381 683; x_wconf 84' lang='lat' dir='ltr'><strong>presbiter</strong></span> <span class='ocrx_word' id='word_1_6' title='bbox 410 605 445 663; x_wconf 92' lang='lat' dir='ltr'><strong>et</strong></span> <span class='ocrx_word' id='word_1_7' title='bbox 474 598 581 662; x_wconf 88' lang='lat' dir='ltr'><strong>abbas</strong></span> <span class='ocrx_word' id='word_1_8' title='bbox 614 599 774 662; x_wconf 85' lang='lat' dir='ltr'><strong>consensi</strong></span> <span class='ocrx_word' id='word_1_9' title='bbox 809 606 844 663; x_wconf 91' lang='lat' dir='ltr'><strong>et</strong></span> <span class='ocrx_word' id='word_1_10' title='bbox 871 595 1070 682; x_wconf 87' lang='lat' dir='ltr'><strong>subscripsi.</strong></span> <span class='ocrx_word' id='word_1_11' title='bbox 1123 592 1162 672; x_wconf 62' lang='grc' dir='ltr'><strong>»Β</strong></span> <span class='ocrx_word' id='word_1_12' title='bbox 1192 597 1269 680; x_wconf 84' lang='lat' dir='ltr'><strong>Ego</strong></span> 
     </span>
     <span class='ocr_line' id='line_1_3' title="bbox 215 699 1269 784; baseline -0.003 -20"><span class='ocrx_word' id='word_1_13' title='bbox 215 699 370 784; x_wconf 84' lang='lat' dir='ltr'><strong>Hagona</strong></span> <span class='ocrx_word' id='word_1_14' title='bbox 399 700 567 783; x_wconf 83' lang='lat' dir='ltr'><strong>presbiter</strong></span> <span class='ocrx_word' id='word_1_15' title='bbox 599 707 634 764; x_wconf 92' lang='lat' dir='ltr'><strong>et</strong></span> <span class='ocrx_word' id='word_1_16' title='bbox 670 701 778 764; x_wconf 88' lang='lat' dir='ltr'><strong>abbas</strong></span> <span class='ocrx_word' id='word_1_17' title='bbox 814 701 974 765; x_wconf 87' lang='lat' dir='ltr'><strong>consensi</strong></span> <span class='ocrx_word' id='word_1_18' title='bbox 1005 707 1039 763; x_wconf 89' lang='lat' dir='ltr'><strong>et</strong></span> <span class='ocrx_word' id='word_1_19' title='bbox 1069 699 1269 780; x_wconf 87' lang='lat' dir='ltr'><strong>subscripsi.</strong></span> 
     </span>
     <span class='ocr_line' id='line_1_4' title="bbox 215 796 1270 884; baseline -0.005 -18"><span class='ocrx_word' id='word_1_20' title='bbox 215 796 254 876; x_wconf 62' lang='grc' dir='ltr'><strong>»Β</strong></span> <span class='ocrx_word' id='word_1_21' title='bbox 284 803 359 884; x_wconf 85' lang='lat' dir='ltr'><strong>Ego</strong></span> <span class='ocrx_word' id='word_1_22' title='bbox 389 801 492 866; x_wconf 92' lang='lat' dir='ltr'><strong>Hooc</strong></span> <span class='ocrx_word' id='word_1_23' title='bbox 521 800 690 883; x_wconf 89' lang='lat' dir='ltr'><strong>presbiter</strong></span> <span class='ocrx_word' id='word_1_24' title='bbox 719 807 755 864; x_wconf 89' lang='lat' dir='ltr'><strong>et</strong></span> <span class='ocrx_word' id='word_1_25' title='bbox 789 802 896 865; x_wconf 89' lang='lat' dir='ltr'><strong>abbas</strong></span> <span class='ocrx_word' id='word_1_26' title='bbox 932 801 1090 864; x_wconf 89' lang='lat' dir='ltr'><strong>consensi</strong></span> <span class='ocrx_word' id='word_1_27' title='bbox 1120 807 1155 863; x_wconf 88' lang='lat' dir='ltr'><strong>et</strong></span> <span class='ocrx_word' id='word_1_28' title='bbox 1189 799 1270 862; x_wconf 88' lang='lat' dir='ltr'><strong>sub-</strong></span> 
     </span>
     <span class='ocr_line' id='line_1_5' title="bbox 214 895 1270 986; baseline -0.004 -19"><span class='ocrx_word' id='word_1_29' title='bbox 214 904 348 986; x_wconf 87' lang='lat' dir='ltr'><strong>scripsi.</strong></span> <span class='ocrx_word' id='word_1_30' title='bbox 415 895 603 983; x_wconf 62' lang='lat' dir='ltr'><strong>Sigfflnum</strong></span> <span class='ocrx_word' id='word_1_31' title='bbox 639 920 762 964; x_wconf 89' lang='lat' dir='ltr'><strong>manus</strong></span> <span class='ocrx_word' id='word_1_32' title='bbox 792 899 895 966; x_wconf 87' lang='lat' dir='ltr'><strong>Sebbi</strong></span> <span class='ocrx_word' id='word_1_33' title='bbox 924 902 1016 983; x_wconf 79' lang='lat' dir='ltr'><strong>regis</strong></span> <span class='ocrx_word' id='word_1_34' title='bbox 1055 901 1270 964; x_wconf 85' lang='lat' dir='ltr'><strong>Eastsaexa-</strong></span> 
     </span>
     <span class='ocr_line' id='line_1_6' title="bbox 214 996 1271 1084; baseline -0.004 -16"><span class='ocrx_word' id='word_1_35' title='bbox 214 1024 347 1068; x_wconf 90' lang='lat' dir='ltr'><strong>norum.</strong></span> <span class='ocrx_word' id='word_1_36' title='bbox 384 997 570 1084; x_wconf 62' lang='lat' dir='ltr'><strong>Sigfflnum</strong></span> <span class='ocrx_word' id='word_1_37' title='bbox 585 1020 709 1066; x_wconf 87' lang='lat' dir='ltr'><strong>manus</strong></span> <span class='ocrx_word' id='word_1_38' title='bbox 726 1000 920 1084; x_wconf 80' lang='lat' dir='ltr'><strong>sigiheardi</strong></span> <span class='ocrx_word' id='word_1_39' title='bbox 933 1002 1036 1084; x_wconf 86' lang='lat' dir='ltr'><strong>regis.</strong></span> <span class='ocrx_word' id='word_1_40' title='bbox 1082 996 1271 1084; x_wconf 56' lang='lat' dir='ltr'><strong>Sigfflnum</strong></span> 
     </span>
     <span class='ocr_line' id='line_1_7' title="bbox 215 1102 639 1185; baseline -0.009 -15"><span class='ocrx_word' id='word_1_41' title='bbox 215 1123 337 1170; x_wconf 87' lang='lat' dir='ltr'><strong>manus</strong></span> <span class='ocrx_word' id='word_1_42' title='bbox 354 1102 521 1168; x_wconf 90' lang='lat' dir='ltr'><strong>Suebredi</strong></span> <span class='ocrx_word' id='word_1_43' title='bbox 535 1103 639 1185; x_wconf 82' lang='lat' dir='ltr'><strong>regis</strong></span> 
     </span>
    </p>
   </div>
   <div class='ocr_carea' id='block_1_3' title="bbox 363 1382 1138 1629">
    <p class='ocr_par' dir='ltr' id='par_1_3' title="bbox 363 1382 1138 1629">
     <span class='ocr_line' id='line_1_8' title="bbox 548 1382 851 1455; baseline -0.026 0"><span class='ocrx_word' id='word_1_44' title='bbox 548 1451 551 1455; x_wconf 85' lang='lat'><em>.</em></span> <span class='ocrx_word' id='word_1_45' title='bbox 645 1382 851 1448; x_wconf 90' lang='lat' dir='ltr'>XXXIX.</span> 
     </span>
     <span class='ocr_line' id='line_1_9' title="bbox 363 1549 1138 1629; baseline -0.004 -10"><span class='ocrx_word' id='word_1_46' title='bbox 363 1551 654 1619; x_wconf 82' lang='lat' dir='ltr'><strong>*WIH&#39;rRED</strong></span> <span class='ocrx_word' id='word_1_47' title='bbox 679 1550 744 1615; x_wconf 92' lang='lat' dir='ltr'><strong>OF</strong></span> <span class='ocrx_word' id='word_1_48' title='bbox 768 1549 919 1629; x_wconf 86' lang='lat' dir='ltr'><strong>KENT,</strong></span> <span class='ocrx_word' id='word_1_49' title='bbox 944 1551 1028 1616; x_wconf 90' lang='lat' dir='ltr'><strong>Feb.</strong></span> <span class='ocrx_word' id='word_1_50' title='bbox 1048 1550 1138 1616; x_wconf 87' lang='lat'><strong>696.&#39;</strong></span> 
     </span>
    </p>
   </div>
   <div class='ocr_carea' id='block_1_4' title="bbox 217 1701 1274 3094">
    <p class='ocr_par' dir='ltr' id='par_1_4' title="bbox 217 1701 1274 2990">
     <span class='ocr_line' id='line_1_10' title="bbox 271 1701 1271 1788; baseline 0.003 -22"><span class='ocrx_word' id='word_1_51' title='bbox 271 1702 316 1766; x_wconf 79' lang='grc' dir='ltr'><strong>ΙΝ</strong></span> <span class='ocrx_word' id='word_1_52' title='bbox 332 1702 469 1766; x_wconf 89' lang='lat' dir='ltr'><strong>nomine</strong></span> <span class='ocrx_word' id='word_1_53' title='bbox 486 1701 615 1766; x_wconf 92' lang='lat' dir='ltr'><strong>domini</strong></span> <span class='ocrx_word' id='word_1_54' title='bbox 630 1702 739 1766; x_wconf 87' lang='lat' dir='ltr'><strong>nostri</strong></span> <span class='ocrx_word' id='word_1_55' title='bbox 755 1703 961 1768; x_wconf 88' lang='lat' dir='ltr'><strong>saluatoris!</strong></span> <span class='ocrx_word' id='word_1_56' title='bbox 1003 1704 1079 1787; x_wconf 84' lang='lat' dir='ltr'><strong>Ego</strong></span> <span class='ocrx_word' id='word_1_57' title='bbox 1095 1703 1271 1788; x_wconf 88' lang='lat' dir='ltr'><strong>Uuythre·</strong></span> 
     </span>
     <span class='ocr_line' id='line_1_11' title="bbox 219 1801 1272 1886; baseline 0.004 -20"><span class='ocrx_word' id='word_1_58' title='bbox 219 1802 283 1867; x_wconf 89' lang='lat' dir='ltr'><strong>dus</strong></span> <span class='ocrx_word' id='word_1_59' title='bbox 299 1823 363 1867; x_wconf 86' lang='lat' dir='ltr'><strong>rex</strong></span> <span class='ocrx_word' id='word_1_60' title='bbox 383 1801 662 1878; x_wconf 79' lang='lat' dir='ltr'><strong>cantuariorum,</strong></span> <span class='ocrx_word' id='word_1_61' title='bbox 685 1822 777 1868; x_wconf 90' lang='lat' dir='ltr'><strong>anno</strong></span> <span class='ocrx_word' id='word_1_62' title='bbox 797 1805 918 1886; x_wconf 89' lang='lat' dir='ltr'><strong>quinto</strong></span> <span class='ocrx_word' id='word_1_63' title='bbox 933 1806 1031 1886; x_wconf 82' lang='lat' dir='ltr'><strong>regni</strong></span> <span class='ocrx_word' id='word_1_64' title='bbox 1051 1806 1173 1884; x_wconf 89' lang='lat' dir='ltr'><strong>nostri,</strong></span> <span class='ocrx_word' id='word_1_65' title='bbox 1194 1827 1272 1870; x_wconf 90' lang='lat' dir='ltr'><strong>cum</strong></span> 
     </span>
     <span class='ocr_line' id='line_1_12' title="bbox 218 1903 1273 1988; baseline 0.005 -21"><span class='ocrx_word' id='word_1_66' title='bbox 218 1904 362 1968; x_wconf 91' lang='lat' dir='ltr'><strong>consilio</strong></span> <span class='ocrx_word' id='word_1_67' title='bbox 383 1903 605 1968; x_wconf 88' lang='lat' dir='ltr'><strong>Brithuualdi</strong></span> <span class='ocrx_word' id='word_1_68' title='bbox 622 1904 882 1988; x_wconf 89' lang='lat' dir='ltr'><strong>archiepiscopi,</strong></span> <span class='ocrx_word' id='word_1_69' title='bbox 903 1903 1049 1969; x_wconf 86' lang='lat' dir='ltr'><strong>Adriani</strong></span> <span class='ocrx_word' id='word_1_70' title='bbox 1067 1908 1214 1984; x_wconf 89' lang='lat' dir='ltr'><strong>abbatis,</strong></span> <span class='ocrx_word' id='word_1_71' title='bbox 1236 1914 1273 1971; x_wconf 90' lang='lat' dir='ltr'><strong>et</strong></span> 
     </span>
     <span class='ocr_line' id='line_1_13' title="bbox 219 2004 1272 2088; baseline 0.003 -20"><span class='ocrx_word' id='word_1_72' title='bbox 219 2006 381 2069; x_wconf 68' lang='lat' dir='ltr'><strong>omnium,</strong></span> <span class='ocrx_word' id='word_1_73' title='bbox 406 2004 716 2069; x_wconf 89' lang='lat' dir='ltr'><strong>ecclesiasticorum</strong></span> <span class='ocrx_word' id='word_1_74' title='bbox 753 2005 935 2088; x_wconf 85' lang='lat' dir='ltr'><strong>graduum,</strong></span> <span class='ocrx_word' id='word_1_75' title='bbox 968 2025 1037 2070; x_wconf 90' lang='lat' dir='ltr'><strong>una</strong></span> <span class='ocrx_word' id='word_1_76' title='bbox 1068 2027 1146 2071; x_wconf 90' lang='lat' dir='ltr'><strong>oum</strong></span> <span class='ocrx_word' id='word_1_77' title='bbox 1177 2006 1272 2071; x_wconf 90' lang='lat' dir='ltr'><strong>Geb-</strong></span> 
     </span>
     <span class='ocr_line' id='line_1_14' title="bbox 217 2105 1272 2191; baseline 0.004 -23"><span class='ocrx_word' id='word_1_78' title='bbox 217 2106 346 2170; x_wconf 92' lang='lat' dir='ltr'><strong>mundo</strong></span> <span class='ocrx_word' id='word_1_79' title='bbox 370 2105 614 2170; x_wconf 89' lang='lat' dir='ltr'><strong>Rouesciestre</strong></span> <span class='ocrx_word' id='word_1_80' title='bbox 639 2107 812 2189; x_wconf 88' lang='lat' dir='ltr'><strong>episcopo,</strong></span> <span class='ocrx_word' id='word_1_81' title='bbox 836 2107 925 2171; x_wconf 88' lang='lat' dir='ltr'><strong>dabo</strong></span> <span class='ocrx_word' id='word_1_82' title='bbox 950 2112 985 2170; x_wconf 85' lang='lat' dir='ltr'><strong>et</strong></span> <span class='ocrx_word' id='word_1_83' title='bbox 1012 2109 1161 2172; x_wconf 90' lang='lat' dir='ltr'><strong>concedo</strong></span> <span class='ocrx_word' id='word_1_84' title='bbox 1192 2129 1272 2191; x_wconf 91' lang='lat' dir='ltr'><strong>pro·</strong></span> 
     </span>
     <span class='ocr_line' id='line_1_15' title="bbox 218 2205 1273 2289; baseline 0.005 -20"><span class='ocrx_word' id='word_1_85' title='bbox 218 2207 367 2289; x_wconf 88' lang='lat' dir='ltr'><strong>pinquae</strong></span> <span class='ocrx_word' id='word_1_86' title='bbox 387 2225 484 2269; x_wconf 87' lang='lat' dir='ltr'><strong>meae</strong></span> <span class='ocrx_word' id='word_1_87' title='bbox 502 2205 715 2289; x_wconf 89' lang='lat' dir='ltr'><strong>Mildrythae</strong></span> <span class='ocrx_word' id='word_1_88' title='bbox 729 2208 937 2284; x_wconf 87' lang='lat' dir='ltr'><strong>abbatissae,</strong></span> <span class='ocrx_word' id='word_1_89' title='bbox 955 2214 991 2270; x_wconf 90' lang='lat' dir='ltr'><strong>et</strong></span> <span class='ocrx_word' id='word_1_90' title='bbox 1010 2210 1082 2272; x_wconf 90' lang='lat' dir='ltr'><strong>suis</strong></span> <span class='ocrx_word' id='word_1_91' title='bbox 1097 2228 1273 2274; x_wconf 88' lang='lat' dir='ltr'><strong>successo-</strong></span> 
     </span>
     <span class='ocr_line' id='line_1_16' title="bbox 219 2305 1273 2387; baseline 0.002 -16"><span class='ocrx_word' id='word_1_92' title='bbox 219 2308 313 2371; x_wconf 91' lang='lat' dir='ltr'><strong>ribus</strong></span> <span class='ocrx_word' id='word_1_93' title='bbox 333 2305 460 2369; x_wconf 87' lang='lat' dir='ltr'><strong>suturis</strong></span> <span class='ocrx_word' id='word_1_94' title='bbox 474 2307 511 2368; x_wconf 93' lang='lat' dir='ltr'><strong>in</strong></span> <span class='ocrx_word' id='word_1_95' title='bbox 528 2306 692 2387; x_wconf 84' lang='lat' dir='ltr'><strong>regimine</strong></span> <span class='ocrx_word' id='word_1_96' title='bbox 708 2308 908 2372; x_wconf 87' lang='lat' dir='ltr'><strong>monasterii</strong></span> <span class='ocrx_word' id='word_1_97' title='bbox 922 2308 976 2370; x_wconf 92' lang='lat' dir='ltr'><strong>sui</strong></span> <span class='ocrx_word' id='word_1_98' title='bbox 991 2308 1029 2371; x_wconf 91' lang='lat' dir='ltr'><strong>in</strong></span> <span class='ocrx_word' id='word_1_99' title='bbox 1043 2309 1215 2387; x_wconf 83' lang='lat' dir='ltr'><strong>Theneto‚</strong></span> <span class='ocrx_word' id='word_1_100' title='bbox 1233 2316 1273 2373; x_wconf 92' lang='lat' dir='ltr'><strong>ut</strong></span> 
     </span>
     <span class='ocr_line' id='line_1_17' title="bbox 219 2405 1273 2487; baseline 0.003 -17"><span class='ocrx_word' id='word_1_101' title='bbox 219 2406 372 2470; x_wconf 81' lang='lat' dir='ltr'><strong>defensio</strong></span> <span class='ocrx_word' id='word_1_102' title='bbox 403 2405 476 2468; x_wconf 92' lang='lat' dir='ltr'><strong>eius</strong></span> <span class='ocrx_word' id='word_1_103' title='bbox 502 2405 539 2468; x_wconf 90' lang='lat' dir='ltr'><strong>in</strong></span> <span class='ocrx_word' id='word_1_104' title='bbox 562 2405 768 2483; x_wconf 91' lang='lat' dir='ltr'><strong>hominibus,</strong></span> <span class='ocrx_word' id='word_1_105' title='bbox 795 2416 830 2472; x_wconf 88' lang='lat' dir='ltr'><strong>et</strong></span> <span class='ocrx_word' id='word_1_106' title='bbox 850 2408 887 2471; x_wconf 90' lang='lat' dir='ltr'><strong>in</strong></span> <span class='ocrx_word' id='word_1_107' title='bbox 910 2408 1067 2472; x_wconf 90' lang='lat' dir='ltr'><strong>omnibus</strong></span> <span class='ocrx_word' id='word_1_108' title='bbox 1090 2412 1191 2474; x_wconf 91' lang='lat' dir='ltr'><strong>rebus</strong></span> <span class='ocrx_word' id='word_1_109' title='bbox 1215 2409 1273 2487; x_wconf 89' lang='lat' dir='ltr'><strong>sit,</strong></span> 
     </span>
     <span class='ocr_line' id='line_1_18' title="bbox 219 2506 1274 2591; baseline 0.003 -21"><span class='ocrx_word' id='word_1_110' title='bbox 219 2507 310 2570; x_wconf 91' lang='lat' dir='ltr'><strong>siout</strong></span> <span class='ocrx_word' id='word_1_111' title='bbox 326 2525 445 2587; x_wconf 81' lang='lat' dir='ltr'><strong>regum</strong></span> <span class='ocrx_word' id='word_1_112' title='bbox 457 2511 712 2569; x_wconf 88' lang='lat' dir='ltr'><strong>antecessorum</strong></span> <span class='ocrx_word' id='word_1_113' title='bbox 727 2514 923 2571; x_wconf 88' lang='lat' dir='ltr'><strong>nostrorum</strong></span> <span class='ocrx_word' id='word_1_114' title='bbox 938 2506 1089 2573; x_wconf 86' lang='lat' dir='ltr'><strong>suerunt.</strong></span> <span class='ocrx_word' id='word_1_115' title='bbox 1142 2509 1179 2572; x_wconf 90' lang='lat' dir='ltr'><strong>Si</strong></span> <span class='ocrx_word' id='word_1_116' title='bbox 1196 2510 1274 2591; x_wconf 91' lang='lat' dir='ltr'><strong>quis</strong></span> 
     </span>
     <span class='ocr_line' id='line_1_19' title="bbox 219 2605 1273 2686; baseline 0.002 -16"><span class='ocrx_word' id='word_1_117' title='bbox 219 2615 337 2671; x_wconf 90' lang='lat' dir='ltr'><strong>autem</strong></span> <span class='ocrx_word' id='word_1_118' title='bbox 360 2605 449 2670; x_wconf 90' lang='lat' dir='ltr'><strong>hanc</strong></span> <span class='ocrx_word' id='word_1_119' title='bbox 472 2605 693 2671; x_wconf 88' lang='lat' dir='ltr'><strong>donationem</strong></span> <span class='ocrx_word' id='word_1_120' title='bbox 716 2627 828 2671; x_wconf 92' lang='lat' dir='ltr'><strong>meam</strong></span> <span class='ocrx_word' id='word_1_121' title='bbox 850 2609 1024 2686; x_wconf 90' lang='lat' dir='ltr'><strong>minuerit,</strong></span> <span class='ocrx_word' id='word_1_122' title='bbox 1050 2609 1137 2673; x_wconf 88' lang='lat' dir='ltr'><strong>sciat</strong></span> <span class='ocrx_word' id='word_1_123' title='bbox 1157 2629 1194 2674; x_wconf 88' lang='lat' dir='ltr'><strong>se</strong></span> <span class='ocrx_word' id='word_1_124' title='bbox 1219 2629 1273 2673; x_wconf 88' lang='lat' dir='ltr'><strong>se-</strong></span> 
     </span>
     <span class='ocr_line' id='line_1_20' title="bbox 219 2708 1274 2792; baseline 0.002 -20"><span class='ocrx_word' id='word_1_125' title='bbox 219 2714 379 2792; x_wconf 86' lang='lat' dir='ltr'><strong>paratum</strong></span> <span class='ocrx_word' id='word_1_126' title='bbox 396 2725 509 2770; x_wconf 82' lang='lat' dir='ltr'><strong>essee</strong></span> <span class='ocrx_word' id='word_1_127' title='bbox 526 2708 692 2772; x_wconf 89' lang='lat' dir='ltr'><strong>societate</strong></span> <span class='ocrx_word' id='word_1_128' title='bbox 714 2715 913 2773; x_wconf 87' lang='lat' dir='ltr'><strong>sanctorum</strong></span> <span class='ocrx_word' id='word_1_129' title='bbox 928 2710 1092 2774; x_wconf 87' lang='lat' dir='ltr'><strong>omnium.</strong></span> <span class='ocrx_word' id='word_1_130' title='bbox 1144 2708 1274 2774; x_wconf 88' lang='lat' dir='ltr'><strong>Actum</strong></span> 
     </span>
     <span class='ocr_line' id='line_1_21' title="bbox 221 2807 1274 2894; baseline 0 -21"><span class='ocrx_word' id='word_1_131' title='bbox 221 2816 274 2873; x_wconf 87' lang='lat' dir='ltr'><strong>est</strong></span> <span class='ocrx_word' id='word_1_132' title='bbox 287 2809 352 2873; x_wconf 91' lang='lat' dir='ltr'><strong>hoo</strong></span> <span class='ocrx_word' id='word_1_133' title='bbox 366 2809 403 2871; x_wconf 91' lang='lat' dir='ltr'><strong>in</strong></span> <span class='ocrx_word' id='word_1_134' title='bbox 417 2807 495 2872; x_wconf 90' lang='lat' dir='ltr'><strong>loco</strong></span> <span class='ocrx_word' id='word_1_135' title='bbox 517 2809 577 2889; x_wconf 93' lang='lat' dir='ltr'><strong>qui</strong></span> <span class='ocrx_word' id='word_1_136' title='bbox 593 2807 719 2872; x_wconf 89' lang='lat' dir='ltr'><strong>dicitur</strong></span> <span class='ocrx_word' id='word_1_137' title='bbox 742 2809 1026 2894; x_wconf 86' lang='lat' dir='ltr'><strong>Berkamystede.</strong></span> <span class='ocrx_word' id='word_1_138' title='bbox 1080 2810 1274 2875; x_wconf 89' lang='lat' dir='ltr'><strong>Indictione</strong></span> 
     </span>
     <span class='ocr_line' id='line_1_22' title="bbox 221 2906 1182 2990; baseline 0 -17"><span class='ocrx_word' id='word_1_139' title='bbox 221 2929 324 2987; x_wconf 88' lang='lat' dir='ltr'><strong>nona,</strong></span> <span class='ocrx_word' id='word_1_140' title='bbox 339 2906 444 2988; x_wconf 90' lang='lat' dir='ltr'><strong>Anno</strong></span> <span class='ocrx_word' id='word_1_141' title='bbox 459 2909 557 2990; x_wconf 84' lang='lat' dir='ltr'><strong>regni</strong></span> <span class='ocrx_word' id='word_1_142' title='bbox 572 2910 681 2973; x_wconf 90' lang='lat' dir='ltr'><strong>nostri</strong></span> <span class='ocrx_word' id='word_1_143' title='bbox 696 2925 729 2972; x_wconf 79' lang='lat' dir='ltr'><strong>V.</strong></span> <span class='ocrx_word' id='word_1_144' title='bbox 745 2910 782 2972; x_wconf 92' lang='lat' dir='ltr'><strong>in</strong></span> <span class='ocrx_word' id='word_1_145' title='bbox 795 2929 913 2975; x_wconf 92' lang='lat' dir='ltr'><strong>mense</strong></span> <span class='ocrx_word' id='word_1_146' title='bbox 928 2910 1117 2976; x_wconf 89' lang='lat' dir='ltr'><strong>Februarii.</strong></span> <span class='ocrx_word' id='word_1_147' title='bbox 1134 2983 1136 2988; x_wconf 82' lang='lat'><em>.</em></span> <span class='ocrx_word' id='word_1_148' title='bbox 1180 2977 1182 2981; x_wconf 68' lang='lat'>,</span> 
     </span>
    </p>

    <p class='ocr_par' dir='ltr' id='par_1_5' title="bbox 276 3007 1274 3094">
     <span class='ocr_line' id='line_1_23' title="bbox 276 3007 1274 3094; baseline 0.001 -21"><span class='ocrx_word' id='word_1_149' title='bbox 276 3011 315 3091; x_wconf 74' lang='lat'><strong>›1‹</strong></span> <span class='ocrx_word' id='word_1_150' title='bbox 330 3007 475 3092; x_wconf 83' lang='lat' dir='ltr'><strong>Signum</strong></span> <span class='ocrx_word' id='word_1_151' title='bbox 488 3028 611 3073; x_wconf 90' lang='lat' dir='ltr'><strong>manus</strong></span> <span class='ocrx_word' id='word_1_152' title='bbox 622 3009 818 3093; x_wconf 88' lang='lat' dir='ltr'><strong>Uuythredi</strong></span> <span class='ocrx_word' id='word_1_153' title='bbox 829 3013 920 3094; x_wconf 82' lang='lat' dir='ltr'><strong>regis</strong></span> <span class='ocrx_word' id='word_1_154' title='bbox 934 3011 1122 3077; x_wconf 87' lang='lat' dir='ltr'><strong>donatoris.</strong></span> <span class='ocrx_word' id='word_1_155' title='bbox 1142 3012 1181 3092; x_wconf 74' lang='lat'><strong>›1‹</strong></span> <span class='ocrx_word' id='word_1_156' title='bbox 1196 3011 1274 3094; x_wconf 84' lang='lat' dir='ltr'><strong>Sig-</strong></span> 
     </span>
    </p>
   </div>
   <div class='ocr_carea' id='block_1_5' title="bbox 213 3109 1275 3397">
    <p class='ocr_par' dir='ltr' id='par_1_6' title="bbox 213 3109 1275 3397">
     <span class='ocr_line' id='line_1_24' title="bbox 220 3109 1275 3196; baseline 0.004 -24"><span class='ocrx_word' id='word_1_157' title='bbox 220 3130 302 3173; x_wconf 92' lang='lat' dir='ltr'><strong>num</strong></span> <span class='ocrx_word' id='word_1_158' title='bbox 334 3129 457 3173; x_wconf 91' lang='lat' dir='ltr'><strong>manus</strong></span> <span class='ocrx_word' id='word_1_159' title='bbox 492 3109 713 3174; x_wconf 87' lang='lat' dir='ltr'><strong>Brithuualdi</strong></span> <span class='ocrx_word' id='word_1_160' title='bbox 745 3112 1005 3196; x_wconf 89' lang='lat' dir='ltr'><strong>archiepiscopi.</strong></span> <span class='ocrx_word' id='word_1_161' title='bbox 1062 3115 1101 3195; x_wconf 74' lang='lat'><strong>›1‹</strong></span> <span class='ocrx_word' id='word_1_162' title='bbox 1130 3111 1275 3194; x_wconf 87' lang='lat' dir='ltr'><strong>Signum</strong></span> 
     </span>
     <span class='ocr_line' id='line_1_25' title="bbox 213 3209 1274 3297; baseline 0.002 -22"><span class='ocrx_word' id='word_1_163' title='bbox 213 3209 378 3276; x_wconf 85' lang='lat' dir='ltr'><strong>Adriodi.</strong></span> <span class='ocrx_word' id='word_1_164' title='bbox 436 3211 475 3291; x_wconf 74' lang='lat'><strong>›1‹</strong></span> <span class='ocrx_word' id='word_1_165' title='bbox 503 3210 581 3292; x_wconf 86' lang='lat' dir='ltr'><strong>Ego</strong></span> <span class='ocrx_word' id='word_1_166' title='bbox 590 3209 767 3276; x_wconf 86' lang='lat' dir='ltr'><strong>Adrianus</strong></span> <span class='ocrx_word' id='word_1_167' title='bbox 779 3215 887 3278; x_wconf 84' lang='lat' dir='ltr'><strong>abbas</strong></span> <span class='ocrx_word' id='word_1_168' title='bbox 901 3213 1064 3297; x_wconf 81' lang='lat' dir='ltr'><strong>indignus</strong></span> <span class='ocrx_word' id='word_1_169' title='bbox 1075 3212 1274 3297; x_wconf 89' lang='lat' dir='ltr'><strong>subscripsi.</strong></span> 
     </span>
     <span class='ocr_line' id='line_1_26' title="bbox 226 3310 795 3397; baseline 0.002 -21"><span class='ocrx_word' id='word_1_170' title='bbox 226 3312 265 3392; x_wconf 74' lang='lat'><strong>›1‹</strong></span> <span class='ocrx_word' id='word_1_171' title='bbox 294 3311 370 3394; x_wconf 82' lang='lat' dir='ltr'><strong>Ego</strong></span> <span class='ocrx_word' id='word_1_172' title='bbox 387 3310 612 3375; x_wconf 89' lang='lat' dir='ltr'><strong>Gebmundus</strong></span> <span class='ocrx_word' id='word_1_173' title='bbox 627 3313 795 3397; x_wconf 85' lang='lat' dir='ltr'><strong>expressi.</strong></span> 
     </span>
    </p>
   </div>
   <div class='ocr_carea' id='block_1_6' title="bbox 391 3595 1107 3838">
    <p class='ocr_par' dir='ltr' id='par_1_7' title="bbox 391 3595 1107 3838">
     <span class='ocr_line' id='line_1_27' title="bbox 706 3595 790 3660; baseline -0.024 0"><span class='ocrx_word' id='word_1_174' title='bbox 706 3595 790 3660; x_wconf 90' lang='lat' dir='ltr'><strong>XL.</strong></span> 
     </span>
     <span class='ocr_line' id='line_1_28' title="bbox 391 3758 1107 3838; baseline 0 -12"><span class='ocrx_word' id='word_1_175' title='bbox 391 3762 411 3805; x_wconf 85' lang='lat'><em>*</em></span> <span class='ocrx_word' id='word_1_176' title='bbox 437 3758 830 3838; x_wconf 86' lang='lat' dir='ltr'><strong>CAEDUUEALHA,</strong></span> <span class='ocrx_word' id='word_1_177' title='bbox 854 3777 930 3826; x_wconf 76' lang='lat' dir='ltr'><strong>nun</strong></span> <span class='ocrx_word' id='word_1_178' title='bbox 953 3777 1107 3826; x_wconf 77' lang='lat' dir='ltr'><strong>ornans,</strong></span> 
     </span>
    </p>
   </div>
   <div class='ocr_carea' id='block_1_7' title="bbox 221 3911 1278 4300">
    <p class='ocr_par' dir='ltr' id='par_1_8' title="bbox 221 3911 1278 4300">
     <span class='ocr_line' id='line_1_29' title="bbox 272 3911 1275 3995; baseline 0 -19"><span class='ocrx_word' id='word_1_179' title='bbox 272 3912 318 3976; x_wconf 81' lang='grc' dir='ltr'><strong>ΙΝ</strong></span> <span class='ocrx_word' id='word_1_180' title='bbox 341 3913 478 3977; x_wconf 89' lang='lat' dir='ltr'><strong>nomine</strong></span> <span class='ocrx_word' id='word_1_181' title='bbox 506 3911 636 3977; x_wconf 83' lang='lat' dir='ltr'><strong>Christi</strong></span> <span class='ocrx_word' id='word_1_182' title='bbox 662 3913 769 3976; x_wconf 91' lang='lat' dir='ltr'><strong>totius</strong></span> <span class='ocrx_word' id='word_1_183' title='bbox 792 3921 971 3977; x_wconf 85' lang='lat' dir='ltr'><strong>creaturae</strong></span> <span class='ocrx_word' id='word_1_184' title='bbox 1002 3912 1275 3995; x_wconf 89' lang='lat' dir='ltr'><strong>recuperatoris!</strong></span> 
     </span>
     <span class='ocr_line' id='line_1_30' title="bbox 222 4012 1278 4102; baseline -0.002 -25"><span class='ocrx_word' id='word_1_185' title='bbox 222 4012 310 4077; x_wconf 88' lang='lat' dir='ltr'><strong>Cum</strong></span> <span class='ocrx_word' id='word_1_186' title='bbox 334 4014 441 4096; x_wconf 79' lang='lat' dir='ltr'><strong>igitur</strong></span> <span class='ocrx_word' id='word_1_187' title='bbox 467 4013 626 4077; x_wconf 91' lang='lat' dir='ltr'><strong>dominus</strong></span> <span class='ocrx_word' id='word_1_188' title='bbox 650 4013 841 4078; x_wconf 87' lang='lat' dir='ltr'><strong>saecularia</strong></span> <span class='ocrx_word' id='word_1_189' title='bbox 863 4013 1033 4096; x_wconf 81' lang='lat' dir='ltr'><strong>regimina</strong></span> <span class='ocrx_word' id='word_1_190' title='bbox 1055 4014 1119 4077; x_wconf 86' lang='lat' dir='ltr'><strong>rite</strong></span> <span class='ocrx_word' id='word_1_191' title='bbox 1142 4021 1278 4102; x_wconf 88' lang='lat' dir='ltr'><strong>creator</strong></span> 
     </span>
     <span class='ocr_line' id='line_1_31' title="bbox 221 4114 1278 4196; baseline 0 -20"><span class='ocrx_word' id='word_1_192' title='bbox 221 4134 341 4196; x_wconf 83' lang='lat' dir='ltr'><strong>regere</strong></span> <span class='ocrx_word' id='word_1_193' title='bbox 362 4116 413 4178; x_wconf 86' lang='lat' dir='ltr'><strong>ita</strong></span> <span class='ocrx_word' id='word_1_194' title='bbox 432 4114 636 4192; x_wconf 89' lang='lat' dir='ltr'><strong>decreuerit,</strong></span> <span class='ocrx_word' id='word_1_195' title='bbox 657 4121 698 4178; x_wconf 93' lang='lat' dir='ltr'><strong>ut</strong></span> <span class='ocrx_word' id='word_1_196' title='bbox 717 4115 817 4179; x_wconf 91' lang='lat' dir='ltr'><strong>nobis</strong></span> <span class='ocrx_word' id='word_1_197' title='bbox 844 4134 915 4178; x_wconf 88' lang='lat' dir='ltr'><strong>non</strong></span> <span class='ocrx_word' id='word_1_198' title='bbox 942 4114 1054 4178; x_wconf 91' lang='lat' dir='ltr'><strong>solum</strong></span> <span class='ocrx_word' id='word_1_199' title='bbox 1078 4134 1166 4196; x_wconf 88' lang='lat' dir='ltr'><strong>quae</strong></span> <span class='ocrx_word' id='word_1_200' title='bbox 1190 4120 1278 4177; x_wconf 93' lang='lat' dir='ltr'><strong>tem-</strong></span> 
     </span>
     <span class='ocr_line' id='line_1_32' title="bbox 221 4214 1278 4300; baseline 0 -22"><span class='ocrx_word' id='word_1_201' title='bbox 221 4215 356 4296; x_wconf 87' lang='lat' dir='ltr'><strong>poralia</strong></span> <span class='ocrx_word' id='word_1_202' title='bbox 378 4222 558 4280; x_wconf 87' lang='lat' dir='ltr'><strong>creauerat</strong></span> <span class='ocrx_word' id='word_1_203' title='bbox 584 4214 628 4280; x_wconf 89' lang='lat' dir='ltr'><strong>ad</strong></span> <span class='ocrx_word' id='word_1_204' title='bbox 652 4216 783 4279; x_wconf 90' lang='lat' dir='ltr'><strong>uictum</strong></span> <span class='ocrx_word' id='word_1_205' title='bbox 807 4214 986 4298; x_wconf 83' lang='lat' dir='ltr'><strong>largiendo</strong></span> <span class='ocrx_word' id='word_1_206' title='bbox 1012 4216 1137 4300; x_wconf 89' lang='lat' dir='ltr'><strong>cotidie</strong></span> <span class='ocrx_word' id='word_1_207' title='bbox 1162 4214 1278 4280; x_wconf 89' lang='lat' dir='ltr'><strong>distri-</strong></span> 
     </span>
    </p>
   </div>
   <div class='ocr_carea' id='block_1_8' title="bbox 0 0 1608 5032">
    <p class='ocr_par' dir='ltr' id='par_1_9' title="bbox 0 0 1608 5032">
     <span class='ocr_line' id='line_1_33' title="bbox 0 0 1608 5032; baseline 0 0"><span class='ocrx_word' id='word_1_208' title='bbox 0 0 1608 5032; x_wconf 95' lang='lat' dir='ltr'><strong> </strong></span> 
     </span>
    </p>
   </div>
  </div>
 </body>
</html>
