3112 5032
447 451 619 500 curaris
642 453 983 503 uacuosaxourcau.
1178 437 1242 502 189

236 612 288 692 ''1‘'
306 610 382 693 Ego
397 610 465 675 offa
479 631 542 676 rex
556 633 658 678 merc.
674 614 874 680 csentiendo
890 612 1048 695 imposui.

246 712 285 792 ›1‹
306 711 383 793 Ego
397 711 569 776 iamberht
583 711 619 777 di
634 716 748 796 gratia
762 716 832 778 arb.
848 713 890 800 ep
905 760 912 773 .
928 729 1042 778 osens,
1058 719 1093 777 et
1105 712 1197 776 subs.

247 812 286 892 ›1‹
304 812 381 894 Ego
395 811 587 895 hygeberht
601 813 697 878 siniit
711 816 769 878 arb
782 863 789 878 .
802 811 843 902 θῇ
857 831 967 880 ,asem
986 836 1006 903 7
1022 812 1113 876 subs.

247 911 286 991 ›1‹
306 911 382 993 Ego
396 912 560 976 ceolwuls
570 910 620 999 θῇ.
636 915 674 979 oi
690 939 709 1004 7
723 915 796 977 sut.

248 1010 287 1090 »Β
308 1011 386 1092 Ego
400 1010 567 1075 heardred
584 1060 591 1073 .
608 1011 657 1100 θῇ.
676 1015 713 1079 ei
729 1029 749 1096 7
767 1014 842 1077 sub.

247 1109 286 1189 »Β
307 1111 384 1193 Ego
397 1130 562 1176 unuuona
576 1110 627 1199 θῇ.
644 1114 692 1179 οξ.

249 1209 288 1289 ›1‹
309 1211 386 1293 Ego
399 1210 569 1276 heabored
585 1259 592 1273 .
609 1210 660 1300 θῇ.
675 1213 724 1279 oi.

248 1309 288 1389 »1⁴
311 1310 388 1393 Ego
402 1311 582 1375 ceolmund
596 1311 647 1400 θῇ.

248 1409 287 1489 ›1‹
306 1410 383 1493 Ego
398 1408 635 1499 aebelmodep.

249 1509 287 1589 ›1‹
310 1510 386 1592 Ego
401 1512 589 1595 cyneberht
603 1510 653 1600 θῇ.

248 1608 288 1688 »1⁴
308 1611 385 1692 Ego
401 1611 576 1676 warmund
592 1610 643 1699 θῇ.

249 1707 288 1787 ›1‹
308 1711 385 1792 Ego
399 1712 548 1776 boduine
563 1713 618 1776 ab.

249 1807 287 1887 ›1‹
308 1811 385 1892 Ego
399 1812 472 1875 utel
486 1813 541 1875 ab.

248 1906 287 1986 »Β
308 1911 385 1991 Ego
400 1911 545 1976 fordred.

249 2006 288 2086 »Β
309 2010 385 2092 Ego
398 2011 582 2077 uulfheard
597 2013 698 2077 simul
714 2016 795 2079 subs
811 2030 830 2095 7
850 2015 1014 2082 ofirmaui.

249 2106 289 2186 *1⁴
308 2157 314 2170 .
333 2156 339 2171 .
360 2113 636 2178 ......berht.
663 2162 670 2178 .
697 2117 771 2199 .pi.
842 2119 882 2198 ›1‹
898 2116 957 2202 Si‘g‘
972 2113 1166 2179 ceolmundi
1179 2136 1211 2199 p

249 2205 289 2284 *1⁴
307 2257 502 2277 ........
517 2215 636 2278 mundi
650 2212 681 2302 ῇ.
844 2216 883 2296 ›1‹
900 2216 959 2302 Si‘g‘
974 2213 1166 2279 aebelhardi
1179 2211 1211 2299 ῇ.

250 2305 288 2385 >1⁴
309 2307 1133 2402 Siguhmunuip.›1‹sigbynnan.¹

642 2611 795 2677 cnvrr.
821 2641 823 2644 -

598 2757 742 2839 orra,
764 2759 838 2852 rso.

252 2909 348 2993 »ΗΝ
364 2909 501 2976 nomine
516 2911 645 2976 domini
659 2915 768 2979 nostri
780 2915 887 2980 Ihesu
899 2913 1028 2981 Christi
1040 2913 1245 2979 saluatoris!

197 3009 234 3073 Si
247 3031 289 3074 ea
302 3029 391 3093 quae
406 3012 592 3076 secundum
606 3014 745 3079 decreta
757 3031 927 3080 canonum
941 3035 980 3079 ac
995 3021 1128 3080 statuta
1143 3033 1247 3097 syno-

196 3109 291 3174 dalia
312 3110 495 3175 salubriter
520 3112 740 3193 definiuntur,
769 3117 927 3197 quamuis
951 3135 1063 3180 sermo
1085 3114 1179 3178 solus
1201 3114 1246 3177 ad

197 3211 430 3274 testimonium
445 3210 600 3277 sufficere
614 3216 735 3297 possit,
747 3223 902 3280 attamen
915 3217 958 3280 ob
974 3216 1140 3290 incertam
1152 3213 1247 3278 futu⁴

196 3311 312 3372 rorum
324 3318 516 3394 temporum
530 3315 772 3392 conditionem,
782 3315 984 3378 firmissimis
998 3315 1248 3397 scripturarum

196 3409 331 3473 indiciis
360 3418 397 3474 et
431 3413 629 3478 cautionum
662 3415 886 3497 cyrographis
923 3419 1005 3478 sunt
1041 3413 1246 3485 roboranda.

199 3507 373 3588 Quoniam
388 3512 525 3592 quidem
547 3532 651 3597 saepe
666 3534 710 3578 ex
725 3514 934 3596 ignorantia,
949 3532 1065 3595 saepe,
1081 3511 1173 3594 quod
1195 3520 1249 3577 est

197 3610 438 3689 execrabilius,
464 3632 509 3676 ex
536 3613 768 3696 improbitate,
799 3611 970 3696 contingit
998 3619 1039 3676 ut
1065 3611 1248 3694 denegatio

198 3712 314 3772 rerum
328 3729 410 3774 uere
431 3718 467 3775 et
485 3720 577 3778 recte
600 3721 777 3797 gestarum
801 3721 974 3779 nascatur.
1027 3711 1250 3795 Quapropter

198 3828 264 3890 ego
288 3807 378 3887 Offa,
394 3818 465 3874 'rex
491 3811 711 3893 Marciorum,
735 3814 799 3880 tibi
820 3812 1066 3880 Uuaermundo
1088 3811 1248 3890 antistiti,

198 3929 333 3973 necnon
349 3917 385 3974 ct
400 3910 588 3978 aecclesiae
603 3933 692 3997 quae
703 3916 772 3980 sita
788 3916 890 3978 estin
902 3921 1016 3979 castro
1030 3913 1124 3996 quod
1139 3912 1249 3977 nomi-

198 4016 303 4075 natur
328 4008 605 4092 Hrosescaester,
630 4015 730 4079 trado
758 4023 885 4080 terram
911 4016 1014 4079 unius
1040 4012 1158 4090 aratri,
1190 4013 1250 4077 ubi

366 4201 373 4230 ¹
391 4205 444 4255 The
456 4206 593 4260 variatione
604 4208 630 4258 in
641 4209 683 4259 the
695 4211 877 4272 subscriptione
888 4223 930 4259 are
941 4223 1085 4261 numerous.
