3188 5032
323 366 367 430 96
578 381 750 431 cnanrnn
773 382 1114 432 luscosnxourcnn.

764 541 935 607 nxxx.

633 687 975 769 AETHILBALn
994 663 1071 757 rao.

342 849 344 853 ’
379 848 417 929 ›1‹
436 844 514 909 Eoo
528 840 722 909 Aethilbalt
735 841 802 906 diro
818 841 970 906 donante
989 861 1052 905 rex
1066 862 1136 906 non
1154 844 1266 909 solum
1283 865 1375 910 mar·

322 946 468 1009 cersium
491 944 551 1008 sed
576 951 612 1008 et
634 943 786 1007 omnium
810 941 1066 1024 prouinciarum
1094 962 1184 1025 quae
1213 948 1375 1028 generale

321 1046 459 1110 nomine
481 1045 634 1127 sutangli
648 1043 810 1106 dicuntur
831 1061 894 1124 pro
913 1043 1063 1106 remedio
1079 1045 1214 1109 animae
1228 1066 1325 1110 meae
1339 1055 1375 1112 et

320 1146 535 1210 relaxatione
556 1144 769 1227 piaculorum
791 1161 944 1206 meorum
967 1143 1119 1228 aliquam
1134 1152 1247 1210 terrae
1262 1148 1371 1228 parti·

321 1246 435 1310 culam
463 1245 499 1309 id
526 1251 578 1308 est
603 1263 649 1309 .x.
670 1249 885 1306 cassatorum
914 1244 1112 1307 uenerando
1144 1246 1269 1310 comite
1298 1267 1375 1311 meo

320 1344 537 1429 cyniberhtte
558 1343 603 1406 ad
625 1342 893 1408 construendum
908 1344 1113 1408 coenubium
1136 1344 1173 1407 in
1195 1346 1374 1428 prouincia

320 1446 377 1509 cui
400 1446 444 1509 ab
471 1443 622 1525 antiquis
650 1462 776 1506 nomen
803 1442 951 1508 inditum
981 1451 1034 1507 est
1063 1444 1244 1509 husmerae
1271 1447 1372 1512 iuxta

321 1545 465 1609 fluuium
492 1544 661 1607 uocabulo
690 1549 765 1606 stur
792 1563 870 1607 cum
901 1544 1060 1608 omnibus
1095 1545 1299 1609 necessariis
1328 1547 1372 1611 ad

321 1663 397 1708 eam
413 1643 633 1728 pertinentib.
653 1662 731 1706 cum
750 1640 843 1725 capis
863 1643 997 1724 siluisq.
1016 1663 1093 1708 cum
1115 1644 1273 1726 piscariis
1293 1666 1373 1728 pra-

321 1745 402 1828 tisq.
426 1746 462 1808 in
493 1741 744 1826 possessionem
780 1741 1049 1838 ecclesiasticam
1082 1745 1231 1826 benigne
1267 1746 1373 1829 largi·

320 1846 409 1909 endo
439 1844 550 1909 trado.
601 1843 653 1907 ita
688 1849 728 1906 ut
761 1841 890 1924 quadiu
917 1843 1046 1907 uixerit
1070 1851 1279 1928 potestatem
1309 1848 1371 1912 ba·

319 1947 401 2010 beat
429 1943 568 2010 tenendi
590 1963 631 2008 ac
653 1942 852 2025 possidendi
879 1943 1049 2027 cuicumq.
1071 1944 1224 2010 uoluerit
1249 1947 1306 2010 uel
1329 1967 1371 2012 eo

320 2046 400 2111 uiuo
414 2045 471 2109 uel
484 2051 577 2108 certe
590 2050 670 2127 post
683 2043 814 2107 obitum
829 2062 930 2107 suum
951 2043 1166 2126 relinquendi
1188 2053 1242 2112 cst
1255 2054 1371 2111 autem

319 2144 538 2228 supradictus
562 2163 645 2226 ager
671 2143 709 2207 in
733 2142 878 2208 circuitu
902 2163 947 2208 ex
971 2151 1085 2227 utraq.
1116 2152 1216 2226 parte
1249 2166 1370 2230 supra·

318 2245 488 2309 nominati
511 2244 660 2307 fluminis
690 2242 821 2307 babens
852 2263 897 2308 ex
928 2245 1088 2326 aquilone
1112 2245 1217 2328 plaga
1246 2247 1370 2311 siluam

317 2365 423 2429 quam
447 2345 627 2408 nominant
640 2344 781 2427 cynibre
802 2362 848 2407 ex
869 2344 1082 2410 occidentale
1096 2364 1181 2409 uero
1194 2346 1298 2410 aliam
1313 2349 1369 2413 cui

317 2466 443 2510 nomen
469 2451 538 2510 est.
557 2443 730 2508 moerheb.
750 2462 897 2526 quarum
923 2464 1005 2528 pars
1027 2445 1181 2510 maxima
1202 2447 1246 2510 ad
1268 2467 1369 2530 prae·

317 2547 427 2611 fatum
449 2545 600 2629 pertinet
614 2563 735 2626 agrum
771 2544 801 2607 si
815 2544 894 2627 quis
914 2551 1029 2608 autem
1044 2544 1135 2610 banc
1150 2545 1370 2614 donationem

317 2647 447 2711 uiolare
469 2644 692 2729 temptauerit
713 2643 802 2709 sciat
820 2663 858 2707 se
877 2644 914 2708 in
936 2645 1114 2710 tremendo
1136 2647 1296 2711 examine
1310 2656 1366 2734 ty-

317 2746 471 2811 rannidis
496 2765 537 2810 ac
561 2743 849 2828 praesumptionis
879 2763 964 2810 suae
997 2743 1041 2810 do
1070 2746 1237 2812 rationem
1268 2750 1368 2814 terri·

315 2845 656 2912 biliterredditurum

367 2947 498 3031 scripta
521 2952 575 3010 est
597 2943 683 3010 baec
704 2944 840 3010 cartula
865 2965 957 3011 anno
983 2947 1027 3010 ab
1051 2945 1288 3012 incamationo
1311 2949 1369 3026 diii

315 3048 350 3111 di
377 3047 437 3112 ibu
461 3044 521 3134 xpi
546 3045 856 3130 septincentissimo
886 3045 1093 3112 tricessimo.
1119 3063 1158 3112 u1
1182 3047 1368 3114 indictione

317 3156 443 3230 quarta

371 3250 410 3330 ›1‹
437 3267 502 3329 ego
527 3245 707 3311 aetdilbalt
729 3267 793 3312 rex
816 3246 1011 3312 britanniae
1036 3246 1210 3330 propriam
1231 3247 1366 3314 donati·

315 3366 419 3412 onem
434 3347 642 3411 confirmans
657 3346 845 3430 subscripsi

371 3450 411 3530 ᾧ
426 3467 491 3530 ego
506 3466 595 3511 uuor
607 3446 789 3529 episcopus
804 3447 964 3511 consensi
977 3453 1013 3511 et
1025 3445 1215 3530 subscripsi

370 3550 410 3630 ,Β
426 3567 491 3631 ego
519 3546 702 3611 uuilfridus
734 3548 840 3632 episc.
863 3547 1002 3613 iubente
1038 3546 1248 3612 aethilboldo
1284 3567 1365 3631 rego

315 3648 503 3730 subscripsi

314 3807 317 3815 ,
372 3750 492 3831 >flego
522 3747 679 3812 aethilric
707 3746 912 3829 subregulus
947 3753 1018 3829 atq.
1045 3766 1159 3811 comes
1189 3745 1364 3830 gloriosis,-

315 3847 393 3910 simi
415 3848 580 3930 principis
605 3846 818 3952 pthilbal[di]
835 3835 920 3910 ¹huic
940 3846 1126 3912 donatione
1149 3833 1311 3911 consensi
1330 3855 1363 3911 et

315 3947 503 4029 subscripsi

371 4048 411 4128 ᾖ
426 4066 491 4130 ego
515 4048 570 4113 ibe
595 4066 636 4113 ac
661 4047 691 4111 si
718 4045 881 4127 indignus
905 4047 1013 4111 abbas
1044 4046 1204 4112 consensi
1226 4054 1262 4111 et
1284 4048 1364 4113 sub-

314 4162 436 4227 scrrpsr
