3188 5032
479 432 650 480 cunnrnn
674 433 1016 482 nncuosnxorucnu.
1229 416 1272 479 41

645 675 843 742 xxxvl.

337 797 536 908 osunen
560 842 624 907 os
647 842 751 907 uus
775 842 1020 923 erccns
1043 846 1057 908 r
1078 843 1155 908 cos.

270 985 309 1065 *1⁴
335 992 379 1056 In
401 996 538 1058 nomine
558 993 616 1057 diri
641 995 693 1057 nii
714 992 775 1057 inu
795 991 855 1081 xpi
901 994 1027 1058 Omnia
1049 994 1139 1057 enim
1161 1000 1201 1057 ut
1223 994 1273 1058 ait
1363 1075 1364 1080 ἵ

218 1091 261 1181 aii
297 1113 386 1178 quae
422 1095 582 1159 uidentur
615 1095 820 1178 temporalia
850 1101 932 1158 sunt
966 1114 1056 1178 quae
1090 1097 1171 1158 aute
1201 1115 1271 1158 non

217 1195 379 1259 uidentur
408 1202 549 1259 aeterna
574 1203 676 1261 sunt.
706 1216 768 1279 pro
800 1215 870 1278 qua
898 1216 935 1259 re
961 1215 1026 1277 ego
1057 1194 1177 1258 oshere
1209 1215 1269 1258 rex

216 1294 393 1361 huicciorii
418 1316 480 1379 pro
506 1297 655 1362 remedio
674 1298 808 1360 animae
831 1315 928 1360 meae
950 1315 1028 1359 cum
1051 1294 1270 1360 aedilheardo

218 1394 288 1460 filio
304 1416 393 1474 meo,
415 1397 503 1461 dabo
519 1404 645 1461 terram
666 1417 754 1479 quae
774 1396 815 1460 dr
828 1391 1053 1480 peniiaubam
1075 1396 1269 1479 quindecim

218 1496 442 1560 tributariorir
464 1516 542 1560 cum
556 1497 759 1580 dyllauuidu
781 1505 936 1562 cassatas
952 1497 1188 1560 consentiente
1211 1515 1270 1560 co·

218 1596 302 1659 mite
325 1616 401 1660 meo
431 1596 621 1662 Cutberbto
652 1598 696 1660 ad
726 1598 993 1662 construendum
1023 1597 1268 1661 monasterium

220 1693 410 1761 Cutsuidae
434 1697 541 1761 abbiie
560 1718 637 1761 cum
659 1698 790 1781 campis
817 1699 992 1782 syluisque
1013 1718 1091 1761 cum
1112 1698 1269 1780 piscariis

217 1797 395 1879 pratisque
430 1806 465 1862 et
502 1819 579 1862 curn
614 1799 771 1862 omnibus
805 1847 974 1864 .......
1004 1800 1074 1862 aris
1106 1818 1195 1881 quae
1225 1799 1269 1862 ad

217 1914 293 1960 eam
328 1906 410 1963 sunt
443 1900 653 1981 pertinentia
687 1899 776 1963 hanc
812 1920 889 1963 curn
920 1899 1078 1963 omnibus
1116 1898 1169 1962 his
1195 1900 1270 1964 iure

217 1997 459 2080 possidendam
473 2001 509 2063 in
523 2007 688 2084 ppetuum
701 2000 871 2083 pdonabo.

272 2100 311 2180 ›1‹
340 2100 417 2183 Ego
438 2101 559 2165 oshere
581 2101 799 2184 supradictus
813 2121 876 2166 rex
898 2101 1117 2168 consentiens
1138 2108 1174 2165 et
1188 2103 1269 2165 sub-

217 2199 337 2282 scripsi
355 2203 457 2282 signu
470 2201 634 2266 salutare.

272 2300 320 2380 ᾖ·
340 2301 417 2383 Ego
431 2302 607 2365 aedilhard
621 2302 838 2367 consentiens
854 2308 890 2365 et
906 2302 1104 2384 subscripsi.

273 2400 312 2480 ›1‹
342 2400 418 2482 Ego
433 2400 610 2465 ediluuard
625 2403 843 2465 consentiens
858 2411 894 2464 et
908 2402 1106 2483 subscripsi.

271 2494 310 2574 *1⁴
341 2501 418 2583 Ego
432 2501 621 2566 aedilberht
636 2501 854 2566 consentiens
870 2506 905 2564 et
920 2501 1118 2584 subscripsi.

273 2604 312 2684 ›1‹
341 2601 418 2683 Ego
435 2594 563 2666 edilric¹
580 2602 798 2666 consentiens
814 2600 1012 2683 subscripsi.

274 2704 313 2784 ›1‹
342 2702 418 2784 Ego
433 2702 579 2766 osuuido
594 2702 812 2766 consentiens
827 2708 862 2765 et
875 2701 1073 2785 subscripsi.

269 2799 308 2879 ›1‹
338 2803 415 2884 Ego
452 2800 620 2866 Oftoforis
657 2802 838 2885 episcopus
875 2804 1094 2867 consentiens
1129 2803 1269 2885 propria

216 2927 322 2972 manu
336 2902 388 2990 sig
401 2904 600 2986 conscripsi.

273 3010 312 3090 ›1‹
342 3004 419 3086 Ego
432 3004 602 3069 edilredus
617 3005 848 3068 consentiens.

273 3109 312 3191 ›1‹
342 3105 418 3187 Ego
446 3105 716 3169 berehtuualdus
742 3105 1020 3189 archiepiscopus
1051 3107 1270 3171 consentiens

216 3207 415 3290 subscripsi.

273 3312 312 3392 ›1‹
340 3308 417 3390 Ego
432 3307 612 3372 uuilfridus
627 3308 698 3391 epis
714 3307 933 3372 consentiens
947 3307 1145 3390 subscripsi.

273 3412 312 3492 ›1‹
340 3409 416 3490 Ego
431 3408 565 3473 headda
579 3411 651 3492 epis
666 3408 885 3473 consentiens
900 3407 1098 3489 subscripsi.

273 3513 312 3593 ›1‹
341 3509 418 3591 Ego
433 3510 538 3593 tyrtel
553 3512 625 3593 epis
640 3510 859 3573 consentiens
874 3507 1072 3589 subscripsi.

274 3614 313 3694 ›1‹
342 3611 419 3693 Ego
441 3659 556 3676 .....
571 3611 614 3675 de
629 3612 722 3694 episc
738 3609 957 3673 consentiens
974 3607 1173 3690 subscripsi.

273 3714 312 3794 ›1‹
342 3712 419 3793 Ego
434 3711 584 3775 beduuin
598 3713 672 3793 epis
687 3710 907 3774 consentiens
924 3706 1123 3788 subscripsi.

273 3814 313 3896 ιχ(
341 3798 419 3895 Ego
432 3805 617 3894 gebmund²
633 3812 706 3894 epis
719 3809 939 3874 consentiens
955 3807 1154 3890 subscripsi.

273 3915 312 3995 ›1‹
341 3913 418 3995 Ego
435 3910 573 3977 Alricus
587 3913 660 3995 epis
676 3910 836 3976 consensi
851 3916 886 3974 et
901 3907 1100 3990 subscripsi.

273 4016 312 4096 ›1‹
341 4012 418 4096 Ego
436 4012 628 4077 Cuiniricus
642 4011 802 4077 consensi
817 4018 852 4074 et
866 4008 1064 4090 subscripsi.

272 4117 311 4197 ›1‹
340 4115 418 4197 Ego
432 4112 658 4178 Pebthaetius
673 4111 832 4177 consensi
848 4118 883 4174 et
897 4109 1096 4191 subscripsi.

358 4270 365 4300 ¹
382 4268 439 4319 Ms.
452 4268 562 4319 Ediline.
897 4261 907 4292 ²
924 4265 980 4316 MS.
993 4264 1129 4317 Gelmund.
