3172 5030
492 440 664 490 curares
686 441 1028 491 aucuosnxourcan.
1240 425 1285 490 35

230 597 329 663 derat
346 597 504 663 Eadfrith
519 599 609 664 filius
626 599 704 664 Iddi
715 619 818 683 super
833 601 942 666 altare
960 601 999 665 in
1013 601 1180 666 aecclesia
1195 621 1284 686 quae

231 698 278 762 ibi
293 706 493 764 constructa
507 708 560 764 est
574 720 637 783 pro
652 703 768 766 anima
782 703 868 767 eius.

279 799 318 879 ›1‹
339 800 417 883 Ego
434 800 648 878 Theodorus,
671 821 793 866 seruus
809 803 865 867 dei
887 803 1177 886 archiepiscopus,
1200 822 1283 867 con-

232 901 325 964 sensi
340 907 375 966 et
390 902 588 985 subscripsi.

689 1075 811 1088 *ια

663 1183 847 1248 XXXII.

334 1349 630 1416 AETHILRED
656 1349 720 1414 OF
744 1349 953 1429 MERCIA,
969 1351 1034 1415 691
1049 1371 1089 1416 or
1098 1352 1175 1417 692.

281 1494 320 1574 *1⁴
344 1499 558 1565 Arosronus
573 1499 706 1564 Paulus
728 1501 771 1564 de
793 1507 949 1566 extremo
971 1502 1096 1566 iudicio
1118 1501 1281 1567 manifes-

230 1600 361 1666 tissime
384 1601 529 1683 loquens
555 1601 606 1665 ita
635 1601 725 1664 dixit
746 1621 864 1665 omncs
890 1603 980 1665 enim
1005 1604 1173 1667 stabimus
1199 1611 1281 1668 ante

230 1702 382 1768 tribunal
403 1699 463 1789 xpi
479 1710 519 1766 ut
541 1702 684 1785 recipiat
702 1702 938 1785 unusquisque
959 1710 1064 1786 prout
1077 1705 1185 1786 gessit
1206 1704 1280 1769 siue

229 1802 322 1866 bouii
348 1804 421 1866 siue
439 1802 548 1866 melfi.
574 1803 678 1866 etiam
701 1803 774 1886 ipse
801 1802 864 1865 diis
886 1804 923 1866 in
945 1803 1057 1890 euang
1082 1824 1146 1869 suo
1169 1806 1279 1869 mani-

229 1901 334 1968 festat
355 1902 473 1967 dicens
497 1902 604 1967 Ibunt
625 1903 722 1985 impii
742 1903 779 1966 in
803 1903 974 1987 supplicifr
997 1912 1175 1968 aeternum
1196 1906 1280 1970 iusti

229 2012 345 2070 autem
370 2004 405 2067 in
433 2003 506 2069 uita
534 2011 709 2068 aeternam
739 2002 804 2068 hoc
829 2023 913 2068 sane
945 2005 1123 2069 tremcndir
1147 2012 1182 2070 et
1211 2013 1279 2070 ter-

229 2105 327 2170 ribile
349 2103 384 2168 di
407 2105 653 2188 omnipotentis
675 2104 803 2168 iudicifr
825 2106 983 2170 omnihus
1006 2113 1059 2172 est
1081 2107 1179 2170 nobis
1201 2127 1279 2190 per·

228 2205 469 2270 horrescendfr.
536 2205 759 2289 Quapropter
800 2226 864 2288 ego
899 2206 1073 2271 aethelred
1104 2205 1174 2294 xpo
1216 2207 1277 2273 do·

230 2315 336 2372 nante
358 2326 422 2370 rex
444 2306 639 2370 Mercensiii
664 2327 727 2388 pro
750 2307 966 2371 absolutione
990 2307 1136 2371 criminii
1159 2312 1278 2372 meorfl

231 2413 266 2470 et
288 2427 351 2489 pro
379 2425 495 2470 amore
521 2404 556 2472 di
586 2406 736 2470 uiuentis
765 2413 892 2470 terram
922 2408 982 2490 qui
1010 2413 1150 2472 uetusto
1173 2428 1278 2473 uoca-

231 2507 312 2571 bulo
336 2512 557 2589 nuncupatur
579 2506 758 2588 heanburg
781 2513 816 2570 et
840 2507 877 2570 in
901 2508 969 2572 alio
989 2507 1066 2572 loco
1092 2522 1139 2572 aet
1162 2509 1278 2573 austin

230 2606 296 2672 hoc
321 2615 374 2672 est
393 2608 530 2671 circiter
549 2608 586 2670 in
606 2606 676 2670 illis
699 2607 801 2671 duob'
824 2607 909 2671 locis
938 2625 1036 2672 xxx,
1063 2617 1277 2674 cassatorum

229 2708 357 2774 oftforo
387 2729 464 2773 meo
499 2707 687 2772 uenerabili
721 2708 826 2791 episc.
860 2708 897 2772 in
932 2709 1107 2793 propriam
1141 2729 1278 2794 posses·

227 2810 360 2875 sionem
394 2809 520 2875 tradidi
556 2807 599 2873 ad
628 2807 688 2873 illd
718 2807 826 2872 ecciid
855 2810 947 2874 beati
977 2809 1074 2874 Petri
1112 2812 1276 2894 principis

228 2918 342 2994 apost.
372 2930 462 2993 quae
488 2910 557 2974 sita
583 2918 637 2974 est
664 2910 700 2973 in
729 2929 929 2991 uueogorna
961 2911 1102 2975 ciuitate
1137 2913 1181 2975 cii
1214 2932 1277 2976 an-

228 3013 334 3095 tiquis
351 3011 508 3084 confiniis
530 3017 566 3074 et
585 3016 730 3094 captura
748 3011 858 3093 piscifi
875 3018 911 3076 et
934 3031 1012 3075 curn
1037 3013 1164 3077 omnib'
1183 3013 1277 3078 utili-

228 3114 327 3178 tatib'
349 3132 472 3195 campo
493 3109 508 3174 i
529 3112 566 3174 in
588 3112 679 3176 silua
698 3109 714 3174 i
736 3111 773 3175 in
798 3111 938 3176 flumine
961 3113 1005 3176 ad
1027 3132 1065 3176 se
1087 3114 1151 3177 rite
1170 3114 1277 3196 perti·

230 3213 358 3278 nentib’
377 3214 429 3277 illi
452 3260 700 3277 ........
723 3211 904 3305 pfruantur
927 3214 963 3276 in
986 3215 1095 3293 aeuf13
1120 3214 1277 3278 similiter

230 3315 334 3380 etiam
347 3317 392 3379 ab
407 3312 619 3377 secularibus
636 3313 794 3378 omnibus
809 3315 1001 3377 seruitutib’
1027 3362 1275 3380 ........

229 3416 316 3480 leuis
338 3416 408 3480 sint
427 3414 464 3478 in
486 3420 649 3500 ppetunm
669 3414 804 3478 liberati
821 3415 888 3477 nisi
905 3416 1007 3479 tantfr
1026 3462 1276 3481 ........

229 3523 266 3581 et
295 3515 515 3599 expeditione
539 3521 661 3579 contra
684 3514 801 3579 hostes
823 3515 845 3576 h
875 3507 909 3578 εἴ
929 3563 1177 3579 ........
1205 3535 1276 3579 scr-

230 3619 391 3682 nentibus
412 3616 644 3680 minuentibus
673 3633 756 3679 uero
778 3613 794 3676 i
819 3633 884 3678 con
915 3661 1164 3679 ........
1188 3634 1277 3679 sern-

230 3720 377 3802 piterna.
429 3736 540 3781 amen.

281 3815 320 3895 »Β
342 3821 419 3902 Ego
441 3815 608 3882 aethilred
630 3835 693 3880 rex
714 3814 816 3902 pprid
834 3814 1020 3880 donatione
1038 3817 1276 3897 corroborans,

230 3922 332 3987 titulo
346 3923 425 3986 sdae
439 3919 550 3982 crucis
565 3916 763 3998 subscripsi.

281 4020 320 4100 ›1‹
343 4022 420 4104 Ego
437 4016 571 4084 headda
585 4019 658 4099 epis
673 4036 767 4098 qsen.
786 4040 806 4106 7
822 4017 915 4080 subs.

282 4122 321 4202 ›1‹
344 4123 421 4206 Ego
450 4118 556 4185 oftfor
578 4119 672 4202 episc
698 4117 884 4181 donatione
910 4136 1015 4200 quarn
1043 4135 1065 4179 a
1090 4137 1171 4200 rege
1202 4121 1278 4202 [ac-

230 4223 321 4308 cepi]
336 4222 477 4308 propria
490 4239 595 4287 manu
610 4218 763 4303 qnotaui.
1111 4319 1126 4364 2

1078 4327 1094 4362 D
