3112 5032
449 435 620 484 enarrer
643 436 984 488 nuenosnxourenu.
1179 428 1243 490 163

190 590 267 672 Ego
279 589 470 655 Ceoluuuls
479 594 672 675 episcopus.
702 596 741 675 »14
759 594 835 676 Ego
848 594 947 659 Cudd
963 597 1080 662 abbas.
1110 602 1149 681 »14
1164 600 1240 682 Ego

190 690 365 755 Botuuine
382 692 500 756 abbas.
557 696 597 775 »14
618 692 764 774 Signum
780 713 903 758 manus
918 696 1046 762 Bataui
1064 700 1240 783 principis.

194 792 234 871 »14
250 789 395 873 Signum
409 811 533 855 manus
548 793 776 856 Berhtuualdi
790 795 967 877 principis.

643 964 774 975 *—

612 1086 819 1152 cxxxv.

393 1233 665 1299 noeentum
688 1236 754 1299 ou
778 1236 929 1324 xnnr,
954 1237 1032 1302 779.

244 1380 344 1463 »141Ν
368 1384 505 1447 nomine
529 1382 658 1447 domini
683 1384 793 1448 nostri
816 1384 923 1449 Ihesn
947 1383 1097 1450 Christi!
1150 1382 1239 1448 Cum

186 1481 264 1562 quis
291 1482 529 1564 religiosorum
558 1483 710 1546 uirorum
733 1483 880 1548 fideliter
903 1484 968 1548 deo
989 1483 1237 1547 famulantibus

186 1601 232 1645 ex
260 1582 508 1664 temporalibus
538 1584 753 1664 terrenisque
780 1583 983 1648 substantiis
1015 1583 1145 1646 donare
1177 1583 1236 1646 de-

188 1681 346 1758 creuerit,
383 1682 449 1746 hoc
476 1702 540 1764 pro
573 1689 667 1746 certo
703 1681 842 1746 Christo
877 1683 1037 1747 donatori
1070 1683 1238 1747 bonorum

186 1781 337 1844 omniurn
366 1782 533 1845 redonare
563 1788 711 1845 constat.
765 1781 867 1846 Unde
892 1789 927 1846 et
958 1802 1024 1863 ego
1050 1781 1236 1863 Ecgberht,

188 1900 253 1944 rex
276 1879 433 1958 Cantiae,
457 1882 520 1945 tibi
549 1881 747 1950 uenerando
775 1881 921 1958 Dioren,
946 1880 1131 1945 Hrolensis
1158 1899 1236 1944 aec-

184 1980 309 2044 clesiae
335 1980 495 2057 antistiti,
521 1981 621 2045 trado
647 1980 822 2054 dimidiam
844 1987 979 2063 partem
1001 1980 1103 2043 unius
1127 1982 1235 2046 aratri

185 2080 384 2161 contiguam
408 2079 570 2144 uidelicet
593 2079 745 2144 ciusdem
773 2080 980 2163 quantitatis
1011 2079 1176 2143 terrulam
1199 2080 1236 2144 in

186 2180 327 2260 regione
360 2179 530 2242 uocabulo
560 2177 789 2262 Bromgeheg‚
816 2198 838 2242 a
863 2198 919 2242 me
943 2186 1047 2243 antea
1075 2179 1234 2244 traditae.

185 2277 334 2361 Insuper
355 2284 391 2341 et
411 2276 559 2352 adiciam
583 2278 767 2344 mariscum
786 2278 1014 2360 pertinentem
1038 2278 1082 2341 ad
1105 2277 1236 2342 aridam

184 2377 279 2442 etad
294 2396 405 2460 aquae
423 2377 533 2459 ripam
557 2375 734 2455 Iaenlade,
756 2377 939 2441 habentem
953 2376 1054 2458 qnasi
1065 2377 1235 2459 quinqua-

185 2478 285 2559 ginta
303 2477 471 2559 iugerum,
488 2483 524 2540 et
535 2483 576 2541 ut
589 2476 625 2539 in
641 2482 703 2539 tua
718 2477 763 2539 sit
777 2475 943 2541 facultate
970 2477 1007 2539 in
1032 2484 1235 2558 perpetuum

183 2576 388 2653 habendam,
407 2575 662 2658 possidendam,
679 2574 947 2658 tradendamque
962 2576 1153 2657 cuicunque
1166 2576 1235 2640 ele-

183 2677 275 2758 geris
295 2675 481 2740 hominnm.
534 2675 581 2738 Et
598 2675 628 2739 si
642 2674 719 2756 quis
735 2681 807 2738 tam
823 2693 927 2738 ansus
952 2675 998 2737 sit
1014 2674 1104 2737 banc
1127 2674 1235 2740 dona-

183 2777 439 2852 tionemmeam
452 2774 639 2856 infringere
653 2775 887 2856 temptauerit,
904 2775 951 2837 sit
963 2772 1148 2837 anathema
1162 2793 1235 2839 ma-

184 2874 342 2952 ranatba,
363 2873 454 2940 hanc
472 2874 640 2938 cartulam
659 2874 696 2940 in
719 2893 783 2938 sua
805 2874 994 2948 stabilitate
1016 2880 1233 2954 manentem3

183 2962 475 3043 consentientibus
499 2972 669 3055 religiosis
692 2973 849 3056 personis
877 2979 912 3038 et
941 2974 1234 3038 subscribentibus

183 3076 283 3157 signo
314 3074 425 3140 erucis
452 3072 587 3138 ¹Christi
618 3074 791 3152 roboraui,
813 3093 960 3155 quorum
987 3073 1127 3137 nomina
1156 3093 1235 3138 cum

181 3171 329 3256 propriis
355 3173 446 3238 infra
469 3179 633 3238 notantur
663 3174 862 3255 signaculis.
915 3171 1043 3238 Actum
1067 3193 1159 3238 anno
1190 3175 1234 3237 ab

182 3273 419 3340 incarnatione
434 3271 563 3338 Christi
579 3290 773 3338 nccnxxrx
787 3275 824 3337 in
838 3273 981 3338 ciuitate
994 3273 1204 3355 supradicta.

237 3376 276 3455 »14
294 3373 371 3454 Ego
396 3373 611 3455 Ecgberhtus
633 3373 781 3438 donator
803 3374 940 3455 signum
966 3373 1076 3437 crucis
1104 3372 1234 3437 Christi

180 3472 349 3556 impressi.
391 3475 431 3554 »14
448 3472 592 3555 Signum
606 3490 730 3536 manus
742 3474 852 3537 Boba.
898 3475 937 3554 »14
954 3471 1097 3554 Signum
1112 3491 1234 3536 manus

181 3571 362 3640 Balthard.
413 3572 452 3654 »14
470 3572 615 3654 Signum
630 3591 753 3637 manus
765 3570 977 3637 Unealhard.
1035 3574 1073 3653 »14
1090 3571 1234 3653 Signum

153 3734 156 3739 .
180 3692 304 3739 manus
324 3672 451 3740 Banta.
482 3704 483 3708 ¹
509 3675 548 3754 »14
565 3671 711 3754 Signum
729 3691 851 3736 manus
874 3669 1041 3736 Billnoth.
1098 3674 1138 3753 »14
1154 3670 1233 3753 Sig-

179 3793 263 3838 num
296 3791 419 3840 manus
461 3771 598 3836 Osuulf.
677 3776 716 3855 »14
744 3773 889 3856 Signum
927 3789 1050 3836 manus
1098 3771 1232 3835 Bubba.

185 3876 224 3955 »14
245 3872 389 3956 Signum
402 3890 526 3936 manus
542 3870 724 3939 Balthard.
