3188 5032
319 403 386 469 134
572 415 745 465 caneres
767 413 1112 464 sucnossxomcrn.

325 578 539 661 Bregouuini
554 577 647 642 hunc
668 576 822 642 libellum
840 576 982 641 huiusce
997 575 1195 642 donationis
1209 595 1306 640 meae
1320 576 1380 640 de·

324 681 427 745 scribi
451 679 517 744 feci
538 685 574 743 et
597 697 704 742 manu
728 676 869 761 propria
893 678 1067 756 roboraui,
1092 685 1128 742 et
1152 677 1250 742 illum
1276 684 1380 759 atquo

328 780 416 844 alios
450 779 631 862 religiosos
666 785 773 843 testes
809 783 849 841 ut
883 777 1033 861 idipsum
1061 777 1194 843 faciant
1221 776 1379 842 adhibeo.

324 879 453 945 Actum
467 898 559 945 anno
570 878 819 944 incarnationis
836 876 967 943 Christi
982 881 1174 943 nco.nxu⁰.

383 982 424 1063 ›1‹
443 979 519 1062 Ego
534 979 777 1062 Bregouuinns
800 979 915 1060 gratia
934 978 990 1042 dei
1012 978 1289 1062 archiepiscopus
1311 977 1382 1059 sig·

327 1098 409 1143 num
444 1087 585 1144 sanctae
622 1080 733 1144 crucis
760 1078 976 1162 subscripsi(
1031 1081 1070 1162 ›1‹
1086 1078 1164 1162 Ego
1193 1077 1382 1144 Duuuuald

326 1179 519 1263 praefatam
539 1179 759 1244 donationem
780 1198 892 1243 meam
914 1181 1016 1261 signo
1032 1187 1174 1244 sanctae
1196 1179 1307 1244 crucis
1325 1197 1383 1241 ro-

326 1281 458 1346 borani.
515 1281 554 1362 ›1‹
570 1280 646 1362 Ego
661 1279 893 1344 Baltheardus
908 1279 982 1343 dux
996 1280 1195 1363 subscripsi.
1252 1279 1291 1360 ›1‹
1306 1277 1382 1359 Ego

328 1379 574 1464 Cyueheardus
587 1381 756 1464 presbiter
772 1381 931 1444 consensi
946 1386 982 1446 et
992 1379 1191 1464 subscripsi.
1249 1380 1288 1461 ›1‹
1306 1377 1382 1460 Ego

328 1479 524 1547 lambertus
537 1482 645 1546 abbas
660 1480 759 1546 testis
773 1481 973 1565 subscripsi.

789 1683 912 1694 ——n-

812 1824 896 1890 CX.

526 1996 548 2040 *
572 1995 815 2062 SIGIRAED
841 1995 906 2062 OF
931 1995 1083 2076 ΚΕΝΤ,
1103 1995 1182 2063 762.

385 2168 425 2249 ᾖ
440 2166 485 2258 ln
501 2168 639 2233 nomine
647 2169 776 2234 domini
790 2170 902 2236 nostri
916 2169 1022 2235 Ihesu
1032 2166 1186 2234 christi!
1236 2155 1382 2232 Omnem

329 2265 502 2332 bominem
516 2269 576 2350 qni
588 2271 775 2334 secundum
791 2272 892 2336 deum
906 2270 995 2336 uiuit
1009 2277 1045 2335 et
1057 2268 1267 2334 remunerari
1281 2286 1304 2331 a
1317 2267 1382 2332 deo

330 2375 448 2450 sperat
462 2375 497 2432 et
512 2374 623 2450 optat,
638 2377 774 2452 oportet
790 2379 829 2437 ut
842 2371 908 2454 piis
923 2371 1082 2455 precibus
1103 2387 1282 2433 assensum
1295 2367 1382 2431 hila·

330 2468 416 2532 riter
430 2468 604 2534 exanimo
623 2471 799 2553 praebeat.
845 2471 1019 2549 Quoniam
1041 2477 1172 2535 certum
1194 2475 1261 2546 est,
1284 2474 1383 2532 tanto

330 2566 465 2631 facilius
480 2587 625 2651 eaquae
639 2570 785 2653 quisque
800 2590 822 2635 a
836 2572 901 2636 deo
915 2571 1112 2655 poposcerit
1124 2568 1288 2651 consequi
1302 2586 1383 2650 pos·

331 2687 381 2746 se,
395 2675 527 2750 quanto
550 2675 585 2733 et
606 2669 680 2752 ipse
702 2671 866 2737 libentius
881 2671 1076 2736 hominibus
1095 2677 1188 2734 recte
1203 2667 1384 2751 postulata

331 2769 550 2834 concesserit.
570 2779 577 2794 ·
603 2769 776 2847 Quocirca
798 2791 863 2854 ego
885 2769 1055 2855 Sigiraed,
1070 2789 1133 2834 rex
1148 2768 1306 2845 Cantiao,
1319 2769 1383 2832 tibi

331 2868 520 2932 uenerabili
534 2869 725 2936 Earduulfo
740 2871 915 2955 episcopo,
930 2879 971 2937 nt
984 2871 1167 2953 diligenter
1185 2867 1384 2953 postulasti,

331 2967 483 3049 aliquam
496 2969 702 3051 particulam
716 2978 830 3036 terrae
844 2972 928 3037 iuris
943 2972 1022 3051 mei,
1043 2971 1079 3036 id
1099 2977 1153 3034 est
1166 2969 1267 3053 qnasi
1280 2968 1384 3032 unius

332 3075 368 3132 et
381 3066 483 3130 semis
497 3066 607 3150 iugeri
619 3071 656 3134 in
670 3071 813 3136 ciuitate
826 3070 939 3150 Hroli‚
951 3073 995 3136 ad
1011 3078 1233 3154 augmentum
1244 3087 1385 3132 monas·

333 3167 410 3231 terii
424 3166 487 3244 tui,
503 3171 724 3234 aeternaliter
736 3171 977 3254 possidendam
993 3171 1145 3236 concedo
1160 3189 1201 3234 ac
1214 3169 1385 3247 describo,

331 3286 409 3332 cum
424 3268 582 3333 omnibus
597 3270 729 3335 scilicet
742 3272 786 3336 ad
802 3291 878 3336 eam
890 3270 1139 3355 pertinentibus
1153 3270 1267 3334 rebus,
1283 3268 1385 3333 Haeo

332 3374 449 3432 autom
461 3368 593 3435 terrula
606 3371 650 3434 ab
662 3371 852 3453 aquilonali
865 3379 986 3456 portae
1007 3370 1208 3436 monasterii
1218 3369 1270 3433 tui
1282 3370 1384 3446 iacet,

332 3474 368 3531 et
382 3468 549 3552 pertingit
558 3487 666 3552 usque
682 3471 726 3534 ad
742 3473 1046 3554 septentrionalem
1058 3491 1193 3534 murum
1207 3469 1384 3552 praefatae

331 3567 495 3645 ciuitatis,
509 3569 603 3634 intra
617 3563 728 3635 terras
745 3571 905 3637 uidelicet
919 3590 1006 3655 quas
1021 3578 1125 3636 antea
1140 3572 1184 3635 ab
1200 3559 1332 3634 oriente
1348 3575 1384 3632 et

292 3723 296 3732 .
332 3667 509 3733 occidente
526 3669 722 3752 possedisti,
736 3678 773 3736 et
786 3671 864 3736 ideo
886 3671 972 3737 haec
985 3673 1048 3736 tibi
1063 3672 1149 3736 satis
1164 3668 1385 3735 accommoda

331 3767 415 3849 quia
427 3768 464 3832 in
479 3769 591 3834 medio
605 3771 750 3836 iacebat.
797 3771 911 3855 Siquis
934 3779 1050 3837 autem
1073 3777 1195 3836 contra
1215 3770 1307 3834 banc
1322 3770 1383 3833 do-

332 3868 508 3932 nationem
529 3889 640 3934 meam
666 3872 853 3955 aliqnando
875 3873 993 3938 uenire
1011 3871 1130 3936 inuido
1151 3870 1384 3952 maliuoloque

331 3968 446 4032 animo
461 3972 694 4053 temptauerit,
709 3973 754 4038 sit
766 3972 804 4036 in
817 3975 991 4056 praesenti
999 3979 1181 4056 separatus
1195 3990 1218 4034 a
1232 3989 1383 4035 commu-

331 4067 434 4132 nione
447 4078 588 4135 sanctae
603 4071 789 4137 aecclesiae
800 4072 942 4152 Christi,
954 4083 990 4140 ct
999 4073 1036 4136 in
1051 4073 1167 4138 futuro
1183 4091 1206 4136 a
1219 4071 1385 4135 societate

330 4175 527 4233 sanctorum
542 4174 691 4238 omnium
707 4182 922 4257 segregatus
969 4175 1170 4240 Merentem
1194 4172 1284 4237 hano
1302 4170 1382 4236 kar-
