3188 5032
316 395 362 462 68
572 412 745 461 cururrn
769 405 1109 460 rucnosrxourcrn.

317 570 363 636 ad
386 587 462 634 eam
477 568 740 650 pertinentibus,
763 567 871 649 pratis
891 566 1063 643 uidelicet,
1082 565 1232 648 pascuis,
1254 567 1371 648 siluis3

318 678 358 733 ut
381 670 526 734 ecclesia
546 688 611 732 sua
623 686 712 750 quae
728 665 1000 731 Cronuchomme
1015 673 1246 748 nuncupatur,
1266 687 1370 749 quam

319 777 403 833 tunc
425 769 588 834 moderno
613 775 767 849 tempore
790 767 997 843 construxit,
1020 773 1186 849 perpetuo
1211 767 1285 829 iure
1307 785 1370 849 pro

319 867 552 951 redemptione
563 869 699 931 animae
714 885 810 929 meae
824 867 1016 948 possideat;
1031 867 1082 929 ita
1095 873 1135 929 ut
1146 865 1262 928 nullus
1275 867 1370 947 prin·

319 987 400 1050 ceps
415 968 471 1032 uel
485 975 641 1050 potestas
662 966 842 1049 posthaec
863 965 959 1028 illam
980 964 1060 1028 inde
1082 963 1218 1028 auferat
1232 966 1288 1028 uel
1306 965 1371 1028 ali-

323 1067 405 1149 quid
421 1068 600 1132 diminuat.
653 1066 708 1130 sit
729 1074 844 1129 autem
870 1065 1084 1147 praedictum
1107 1084 1166 1128 rus
1189 1067 1282 1128 omni
1302 1072 1373 1128 ter-¹

321 1186 424 1232 reuae
437 1168 615 1231 seruitutis
630 1167 712 1247 iugo
730 1166 886 1241 liberum,
902 1165 1012 1229 tribus
1026 1166 1203 1246 exceptis3
1228 1173 1304 1229 rata
1319 1166 1371 1227 ui-

320 1267 444 1330 delicet
468 1267 699 1349 expeditione,
721 1266 837 1347 pontis
862 1265 995 1328 arcisue
1019 1266 1282 1329 restauratione.
1334 1264 1371 1328 Si

320 1367 398 1448 quis
422 1368 529 1448 igitur
552 1366 642 1429 hanc
665 1372 819 1429 nostram
844 1363 1065 1428 donationem
1091 1365 1126 1426 in
1154 1365 1247 1428 aliud
1268 1383 1370 1448 quam

320 1467 563 1530 constituimus
588 1465 777 1529 transferre
812 1463 972 1541 uoluerit,
1008 1465 1167 1546 priuatus
1199 1466 1371 1528 consortio

320 1572 463 1629 sanotae
482 1566 538 1629 dei
556 1564 742 1630 aecclesiae
762 1564 912 1628 aeternis
931 1565 1061 1628 baratri
1082 1564 1249 1628 incendiis
1270 1566 1370 1646 lugu*

321 1667 403 1742 bris,
423 1666 550 1747 iugiter
562 1686 641 1729 cum
664 1664 754 1728 Iuda
769 1663 898 1728 Christi
922 1663 1096 1746 proditore
1115 1665 1257 1746 eiusque
1278 1684 1373 1728 coma

321 1766 468 1848 plicibus
496 1767 671 1847 puniatur,
704 1765 734 1827 si
770 1784 840 1828 non
872 1763 1110 1828 satisfactione
1139 1764 1372 1828 emendauerit

323 1883 477 1946 congrua
490 1866 582 1947 quod
598 1871 719 1928 contra
733 1871 889 1928 nostrum
903 1864 1049 1947 deliquit
1062 1863 1247 1932 decretum.

371 1972 435 2036 Tae
449 1974 605 2036 witnessed
621 1995 722 2036 nanus
736 1995 789 2037 ure
803 1975 945 2058 montiay.

788 2139 909 2155 m

806 2265 890 2330 nx.

585 2451 589 2460 ι
630 2409 652 2454 r
677 2383 964 2495 chananeo,
986 2415 1061 2481 709.

378 2559 765 2643 &Sununrourzrrus
788 2564 897 2647 regali
921 2565 1008 2629 solio
1033 2572 1068 2628 et
1091 2561 1293 2645 sceptrifero
1319 2561 1371 2627 di⁴

323 2663 417 2726 tione
441 2681 504 2745 per
531 2665 786 2744 pantocratoris
808 2664 1035 2728 inedicibilem
1061 2663 1252 2746 potentiam
1274 2663 1370 2727 sulli-

197 2757 205 2766 “
323 2769 450 2837 matus,
476 2781 542 2842 ego
563 2762 740 2829 Genredus
768 2781 831 2825 rex
855 2763 1063 2827 Merciorum
1088 2764 1197 2847 ipsius
1225 2764 1371 2826 eximiae

323 2860 578 2926 munificentiae
595 2863 706 2927 refero
720 2861 911 2926 indefessas
931 2871 1048 2944 grates
1062 2864 1121 2945 qui
1143 2863 1228 2939 alta,
1247 2863 1369 2939 media,

324 2979 405 3041 yma
418 2979 567 3042 superno
582 2969 670 3026 nutu
684 2963 865 3043 gubernat.
912 2961 1096 3026 Potissime
1112 2962 1146 3025 id
1161 2980 1284 3026 censeo
1299 2961 1371 3026 fore

324 3067 438 3122 ratum
453 3059 542 3124 diuis
557 3061 771 3138 mortalibus
786 3062 869 3142 quia
882 3063 1033 3126 sontium
1056 3062 1371 3144 prothoplastorum

324 3160 497 3241 piaculum
519 3162 686 3242 expiauit,
710 3170 745 3225 et
768 3161 980 3227 chelindrum
1006 3162 1239 3226 ueneniferum
1263 3161 1372 3224 inerte

324 3258 511 3323 laetantem
527 3260 710 3337 destruxit,
726 3261 809 3325 data
824 3281 909 3343 pace
923 3263 1081 3345 supernis
1095 3269 1131 3326 et
1145 3261 1265 3325 mediis
1285 3261 1369 3324 ciui-

325 3360 401 3435 bus,
411 3367 448 3422 ut
464 3359 576 3423 media
584 3361 716 3442 eligant
730 3381 941 3427 summorum
950 3363 1171 3439 consortium,
1180 3359 1371 3442 respuendo

324 3457 414 3521 ima:
430 3459 592 3540 quoniam
605 3461 773 3525 assuescit
784 3461 1029 3526 microcosmus
1038 3462 1178 3545 superni
1191 3461 1282 3543 regis
1293 3459 1370 3524 uul-

325 3565 400 3620 tum
410 3557 598 3623 laetificare
613 3560 811 3641 dapsilitate
826 3567 974 3626 terrena.
1016 3561 1147 3626 Iccirco
1163 3560 1371 3642 astipulatus

325 3657 527 3721 monarchia
548 3656 708 3722 Albionis
731 3661 840 3742 regni,
864 3661 1024 3744 celsoque
1045 3661 1185 3743 fastigio
1215 3660 1372 3723 culminis

326 3758 520 3832 roboratus,
534 3777 603 3821 uon
617 3758 729 3821 solum
744 3760 928 3825 aecclesias
942 3761 998 3825 uel
1012 3761 1189 3825 arcisteria
1206 3767 1372 3840 quassata

326 3854 560 3919 desideramus
575 3859 746 3935 renouari,
757 3858 919 3925 donando
932 3879 1021 3942 quae
1035 3861 1134 3925 uobis
1150 3858 1277 3923 collata
1290 3867 1373 3922 sunt

328 3953 936 4038 aSabaothperpetuo,uerumetiam
945 3958 1249 4043 praestantissimis
1258 3960 1373 4040 ponti-

327 4051 447 4115 ficibus
463 4061 498 4117 et
512 4056 629 4118 amicis
642 4058 803 4122 uolumus
818 4059 980 4124 munifico
993 4059 1095 4123 corde
1105 4059 1243 4140 largire,
1259 4059 1374 4140 quati-

329 4167 394 4212 nus
407 4150 574 4217 fideliores
588 4155 699 4222 effecti
718 4158 859 4222 ualeant
872 4157 1049 4224 honestius
1062 4159 1156 4225 uitae
1170 4156 1271 4222 huius
1285 4165 1372 4223 tem-
