3134 5030
447 423 619 473 cnlnrsn
642 425 983 475 Arcuossxourcln.
1157 411 1223 476 239

79 597 83 604 ’
173 584 310 648 nicrum
330 582 547 665 quorundam
565 629 573 646 .
589 582 692 650 hoc÷
714 584 811 647 uerbi
825 583 941 667 gratia
956 611 985 675 q³
999 584 1150 650 familiae
1163 583 1224 672 xii

173 685 349 778 ecclesiae:
375 675 411 746 id
428 697 448 750 ÷
470 682 609 765 proprie
631 683 700 748 niis
715 683 795 748 fiib:
809 684 846 747 in
867 691 1053 767 perpetuae
1067 685 1224 750 haeredi·

174 785 257 849 totis
275 783 442 848 facultati
464 783 619 847 tribuens
641 784 777 848 donabo
800 779 929 848 terram
947 785 1059 848 trium'
1070 793 1224 850 aratrum

176 903 272 948 meae
285 883 388 980 pprie
401 882 486 946 iuris
500 884 537 947 in
550 883 691 965 regione
711 892 888 966 easterege
909 899 998 967 quae
1011 885 1096 949 inibi
1111 887 1157 950 ab
1170 887 1224 950 io·

176 984 261 1048 colis
286 982 502 1065 folcuuining
525 983 608 1047 lond
629 991 775 1048 uocatur
803 991 874 1066 atq:
900 985 1025 1048 iterum
1054 985 1159 1049 etiarn
1187 987 1223 1050 in

176 1084 261 1148 eade
282 1081 424 1165 regione
446 1090 603 1166 costerge
625 1103 722 1148 meae
742 1084 843 1171 pprie
857 1082 1057 1149 hereditatis
1072 1085 1224 1149 ruriculii

177 1185 280 1248 unius
296 1184 403 1247 aratri
416 1183 485 1246 illis
501 1184 579 1248 trib:
598 1184 765 1247 adherens
780 1181 905 1270 {idiotis
920 1184 1001 1248 niae
1014 1183 1225 1250 fraternitati

178 1304 224 1348 on
238 1284 328 1367 byrg
342 1283 387 1347 ad
401 1282 610 1366 possidendii
624 1283 741 1364 reddo.
759 1299 762 1306 ·
784 1277 894 1348 ²Haec
908 1290 1072 1366 quattuor
1086 1283 1131 1369 iiq
1144 1302 1225 1368 pos-

177 1383 349 1448 sessiones
370 1383 560 1448 aratra'ita
581 1382 666 1448 mihi
688 1384 726 1448 in
750 1385 888 1470 pprinm
909 1381 1087 1470 “pitinerunt
1107 1385 1224 1450 condi·

178 1484 286 1548 tione.
299 1483 361 1548 illa
381 1481 416 1569 ig
438 1483 508 1547 tria
528 1490 646 1547 aratra
667 1483 703 1547 id
721 1497 741 1554 ÷
758 1477 829 1548 beet
849 1484 1049 1566 folcwining
1070 1481 1153 1548 lond
1175 1479 1225 1549 ‘on

179 1591 338 1667 eosterge
356 1589 392 1647 et
412 1579 526 1646 unnm'
541 1584 659 1648 aratra
679 1583 728 1648 ibi
750 1583 787 1646 in
806 1584 887 1648 niae
906 1590 1019 1648 terrae
1037 1584 1150 1648 medio
1166 1631 1174 1648 .
1190 1593 1226 1651 et

179 1684 335 1749 liminum
349 1683 515 1747 coenuulf
531 1700 594 1746 rex
607 1683 691 1748 mihi
704 1699 783 1748 cum
797 1685 870 1748 suis
883 1679 1002 1767 primis
1018 1684 1227 1767 dignitatum

180 1784 314 1867 grudib:
329 1801 408 1846 cum
422 1782 545 1847 ceteris
566 1784 689 1866 agellis
714 1783 897 1850 donauerit
912 1829 921 1848 .
935 1803 999 1866 pro
1014 1784 1108 1848 illius
1123 1784 1228 1866 agelli

179 1882 426 1966 conparatione
437 1903 485 1946 on
497 1893 738 1964 magonsetum
748 1891 795 1948 eet
804 1883 1002 1968 geardcylle
1014 1892 1108 1949 terra
1117 1885 1228 1950 decim

182 1975 393 2048 manentium
407 1999 507 2064 quem
522 2001 544 2046 a
560 1983 772 2068 cynetryaae
786 1983 967 2066 adquirere
988 1992 1024 2048 et
1038 1999 1228 2067 conparare

181 2083 313 2148 curaui.
379 2081 446 2147 Sed
474 2082 560 2146 illud
584 2092 738 2149 aratrum
762 2085 834 2146 unii
852 2099 909 2148 ¹on
936 2083 1058 2148 liminii
1086 2084 1129 2148 de
1157 2102 1228 2167 quo

181 2182 356 2271 iidiximus
372 2181 461 2249 ,id-:-
483 2180 552 2256 tat
564 2183 837 2266 wynnhearding
850 2181 933 2248 lond
946 2205 968 2274 7
983 2181 1227 2266 babbinglond

182 2307 205 2376 7
226 2302 272 2347 an
290 2283 401 2348 iocled
423 2303 469 2347 on
490 2297 609 2366 uppan
623 2281 699 2348 nire
712 2301 816 2365 quam
830 2291 960 2348 terram
980 2284 1016 2347 id
1038 2298 1059 2351 ἱ·
1076 2291 1229 2350 aratrum

183 2384 269 2448 illud
299 2390 355 2447 aet-
369 2381 537 2448 'liminum'
563 2383 607 2446 ad
634 2381 696 2470 xlii
723 2382 867 2447 ecclesii
891 2383 1040 2447 tribuam
1063 2393 1090 2471 §p
1117 2385 1231 2466 agello

183 2484 276 2547 illius
290 2479 397 2547 aratri
410 2511 440 2575 q³
454 2481 534 2548 liib:
549 2484 618 2548 niis
632 2484 722 2548 sicut
735 2480 831 2569 pdixi
845 2481 972 2548 tradidi
994 2501 1040 2548 on
1061 2490 1230 2565 absterge.

186 2583 233 2648 Et
254 2583 432 2648 illudlam
444 2583 583 2648 ¹dudum
606 2583 709 2649 etiarn
729 2581 789 2668 afri
810 2583 976 2647 ecclesiae
997 2582 1138 2676 pprium
1153 2581 1230 2650 fuit.

186 2678 334 2767 Insuper
360 2683 465 2747 etium
494 2683 609 2747 addidi
632 2704 677 2750 on
699 2689 878 2765 costorege
898 2683 1056 2766 quintum
1078 2690 1232 2748 aratrum

185 2783 264 2849 fiib:
282 2784 350 2847 niis
361 2783 613 2848 concedendam
625 2805 654 2869 ᾳ,
665 2801 687 2848 a
700 2782 943 2848 reacoluensee
957 2782 1232 2867 ecclesiaeprius

185 2883 460 2948 transmotaueri
481 2881 529 2967 'qd
549 2882 749 2964 dunwaling
761 2882 843 2946 lond
856 2881 899 2946 dr
915 2931 924 2948 .
938 2882 1003 2948 hoe
1024 2881 1066 2968 ei}
1088 2899 1130 2947 ea
1151 2899 1234 2948 con-

189 2983 321 3048 dicione
350 2983 480 3048 addens
505 2983 594 3047 dabo
623 2990 663 3047 ut
688 2990 819 3064 quanto
847 2979 1135 3047 eorii'humilitas
1161 2991 1233 3067 atq:

188 3083 406 3148 oboedientia
427 3084 519 3148 circa
545 3101 609 3146 nos
633 3081 792 3146 deuotior
820 3081 925 3148 suerit
948 3131 956 3147 .
982 3089 1083 3147 tanto
1102 3079 1139 3170 ig
1166 3084 1236 3149 illis

188 3182 283 3271 semi>
303 3182 472 3266 largiores
486 3182 523 3246 in
541 3182 677 3247 cunctis
690 3181 790 3246 bonis
805 3183 873 3247 diro
887 3184 1071 3247 miserante
1085 3185 1235 3249 existere

189 3302 360 3350 curamus.
376 3284 440 3348 bas
459 3282 709 3364 itaqzterrulas
722 3282 799 3346 ideo
813 3284 982 3365 collegere
1004 3291 1039 3348 et
1059 3284 1163 3348 simul
1184 3285 1235 3349 ita

188 3386 225 3448 in
248 3385 320 3448 unii
342 3384 551 3465 coniungere
574 3381 722 3446 eximiae
744 3383 898 3447 caritatis
920 3383 1091 3449 industria
1105 3381 1235 3449 curaui.

189 3491 230 3548 ut
248 3481 580 3549 facilius'elaborare
606 3497 647 3545 ac
671 3480 839 3547 desudare
861 3501 925 3546 sua
946 3482 1142 3566 proprisio
1167 3481 1236 3548 illis

189 3584 385 3667 potuissent
410 3584 508 3667 quasi
532 3583 689 3647 adunate
708 3581 809 3646 unius
832 3582 969 3647 termini
990 3583 1027 3646 in
1050 3583 1119 3647 tria
1137 3590 1238 3666 septa

190 3684 353 3750 conclusi.
372 3693 451 3767 ‘atq:
475 3683 553 3747 illas
575 3684 680 3747 etiam
702 3701 799 3747 meae
821 3682 943 3768 ppriae
966 3682 1108 3747 arbitrio
1119 3684 1155 3747 in
1170 3683 1238 3748 dno

192 3785 266 3848 niis*
285 3782 365 3848 liib:
390 3781 515 3871 §potue
544 3783 636 3847 dono
663 3801 741 3848 cum
765 3783 891 3847 omnib:
919 3781 1018 3848 bonis
1044 3782 1088 3845 ad
1112 3784 1158 3847 se
1173 3784 1238 3848 rite

190 3885 396 3966 undecumq:
418 3881 599 3970 frtinentib:
624 3901 701 3947 curn
729 3882 827 3946 siluis
859 3883 998 3964 pascuis
1023 3883 1185 3965 pratibtq:
1215 3905 1238 3974 7

191 4003 269 4049 eum
283 3986 377 4048 omni
391 3980 519 4048 eximia
531 3983 702 4048 libertatis
714 3976 845 4046 honore
859 3983 909 4046 eis
922 3981 1072 4047 tribuam
1085 3984 1239 4066 exceptis

192 4086 272 4150 trib:
296 4089 432 4150 tantum
452 4082 588 4148 debitis.
614 4082 650 4146 id
673 4086 700 4160 δ’
716 4081 937 4166 expeditioni
962 4090 998 4146 et
1016 4083 1105 4148 arcis
1127 4085 1240 4148 muni-

193 4185 286 4251 tioni
308 4191 344 4248 et
365 4184 482 4267 pontis
496 4183 721 4248 instructione
746 4182 912 4247 aduersus
927 4200 1095 4265 paganos.
1117 4191 1158 4248 ut
1180 4184 1241 4258 nia
