3134 5030
455 404 627 451 cursura
650 402 993 450 suenosnxoumsn,
1181 388 1246 452 307

193 557 256 620 feri
280 559 347 621 mei
370 558 406 620 in
421 558 645 643 Adyngtona,
659 559 831 637 uidelicet,
847 560 933 624 duas
948 559 1047 624 hidas
1062 567 1185 643 terrae,
1209 569 1244 625 et

193 657 378 738 piscariam
402 678 480 722 cum
500 660 726 724 aduocatione
746 660 931 724 aecclesiae
953 661 1103 724 eiusdem
1127 661 1242 738 uillae,

194 757 278 820 etin
294 759 364 822 alia
378 757 593 842 Adyngtona
607 779 653 822 ex
666 759 757 823 dono
775 759 927 823 eiusdem
943 778 1046 824 unam
1070 759 1242 842 uirgatam

193 863 316 922 terrae.
369 857 461 924 Istas
476 866 586 923 terras
601 866 636 922 et
657 865 854 924 tenementa
874 860 1050 942 praedicto
1069 869 1241 926 monaste·

193 955 245 1019 rio
261 955 501 1039 croylandiae,
522 967 558 1023 et
572 958 749 1023 monacbis
767 958 892 1023 ibidem
915 959 979 1024 deo
1000 958 1240 1038 seruientibus,

191 1053 234 1117 in
243 1057 467 1137 pacificamet
477 1067 677 1142 perpetuam
690 1059 943 1140 possessionem
956 1059 1117 1136 concedo,
1129 1061 1240 1136 trado,

192 1161 227 1218 et
240 1156 416 1234 confirmo,
431 1158 644 1222 babendade
658 1177 713 1221 me
731 1165 767 1222 ct
780 1159 983 1222 haeredibus
998 1159 1083 1222 meis
1097 1160 1238 1241 quibus-

191 1272 325 1337 cunque
350 1258 488 1338 regibus
519 1257 727 1322 Merciorum
755 1265 835 1340 post
862 1277 916 1322 me
945 1260 1166 1335 successuris,
1201 1259 1239 1323 in

190 1373 313 1435 puram
342 1363 377 1420 et
400 1366 603 1440 perpetuam
632 1357 885 1440 eleemosynam
909 1358 1026 1435 libere,
1052 1359 1180 1440 quiete,
1202 1367 1238 1423 et

191 1453 303 1520 solute
336 1456 380 1520 ab
409 1458 567 1521 omnibus
592 1457 753 1521 oneribus
779 1458 1023 1535 saecularibus,
1047 1458 1237 1522 exactioni-

190 1553 267 1632 bus,
281 1562 317 1620 et
329 1557 557 1638 uectigalibus
571 1556 754 1633 uniuersis,
769 1575 974 1639 quocunque
996 1557 1133 1622 nomine
1155 1577 1235 1622 cen·

188 1661 341 1720 scantur.
404 1654 507 1734 Quod
533 1657 563 1719 si
587 1657 664 1739 quis
694 1655 924 1734 aduersarius,
950 1657 1139 1738 instigante
1161 1657 1235 1722 dia·

187 1753 278 1831 bolo,
291 1755 328 1818 in
344 1755 607 1838 quibuscunque
624 1755 808 1838 praedictis
828 1756 928 1820 terris
942 1763 1005 1820 aut
1018 1759 1234 1835 tenementis,

187 1858 241 1917 tot
264 1873 384 1936 regum
405 1855 519 1937 spatio
543 1855 685 1938 pacifice
703 1856 872 1936 possessis
888 1862 924 1920 et
945 1874 1063 1919 eorum
1085 1859 1234 1922 auctori·

185 1957 259 2016 tate
284 1953 505 2032 confirmatis,
530 1955 737 2019 calumniam
758 1973 889 2037 ponere
910 1955 1062 2020 uoluerit
1078 1956 1115 2019 in
1139 1957 1233 2021 futu-

185 2071 273 2131 rum,
294 2073 351 2117 me
371 2061 407 2118 et
425 2073 640 2118 successores
661 2072 756 2118 meos
777 2075 877 2136 reges
896 2055 1106 2120 Merciorum
1128 2058 1232 2138 profi-

185 2157 260 2215 teor
274 2154 427 2234 presenti
449 2153 677 2236 chirographo
691 2159 727 2216 et
741 2153 916 2235 polliceor,
931 2154 1015 2220 dicti
1031 2157 1231 2220 monasterii

185 2250 320 2316 futuros
335 2253 371 2315 in
385 2260 589 2336 perpetuum
602 2252 809 2317 deffinsores.

224 2351 264 2432 »Β
279 2351 381 2418 Istud
391 2353 657 2434 chirographum
669 2351 808 2415 domino
820 2350 990 2416 Siuuardo
1005 2353 1123 2416 abbati
1137 2356 1229 2435 patri

182 2467 270 2528 meo,
294 2458 329 2515 et
344 2451 582 2517 Etheldritbae
602 2451 841 2516 sanctissimae
864 2451 1003 2532 uirgini,
1020 2472 1084 2534 pro
1100 2452 1229 2518 Christi

182 2568 299 2614 amore
318 2552 445 2616 ibidem
467 2552 631 2628 reclusae,
646 2570 751 2616 carne
771 2549 908 2632 quidam
930 2558 1099 2632 cognatae
1120 2571 1229 2629 meae,

181 2648 241 2711 sed
263 2647 373 2736 (quod
401 2652 513 2733 magis
539 2647 610 2735 est)
634 2651 671 2713 in
696 2648 834 2714 Christo
858 2649 1079 2714 charissimae
1106 2652 1229 2728 sorori,

181 2751 353 2830 quondam
365 2753 582 2832 promissum,
591 2751 627 2812 in
638 2750 835 2832 praeseutia
849 2747 1064 2812 dominorum
1074 2770 1227 2814 meorum

182 2847 344 2930 Ecgberti
360 2851 451 2932 regis
467 2850 580 2915 Uuest
589 2847 762 2912 Saxoniae
777 2855 812 2912 et
825 2846 1051 2930 Atheluulphi
1065 2849 1126 2912 filii
1141 2851 1226 2928 eius,

180 2967 295 3012 coram
308 2949 527 3030 pontificibus
550 2956 585 3013 et
605 2947 804 3031 proceribus
822 2947 1008 3010 maioribus
1030 2949 1137 3012 totius
1154 2947 1227 3013 Au-

181 3048 283 3130 gliae,
296 3048 333 3111 in
346 3048 487 3113 ciuitate
503 3047 683 3112 Londonia
705 3045 782 3134 (ubi
805 3066 923 3110 omncs
944 3049 1145 3130 congregati
1159 3048 1224 3112 fui-

180 3167 256 3210 mus
270 3168 333 3231 pro
347 3147 491 3212 consilio
512 3148 678 3230 capiendo
697 3155 819 3212 contra
833 3147 987 3210 Danicos
1003 3147 1134 3229 piratas
1149 3147 1225 3213 An·

180 3247 271 3329 glise
293 3247 412 3311 littora
434 3247 581 3312 assidue
594 3243 816 3330 infestantes)
833 3244 1092 3326 signosanetae
1113 3250 1224 3311 crucis

178 3347 390 3412 confirmaui.
447 3349 486 3429 ᾖ
504 3347 580 3430 Ego
598 3345 789 3412 celnothus
810 3344 1087 3426 archiepiscopus
1110 3346 1224 3410 Doro-

178 3446 370 3512 berniensis
400 3447 576 3511 consului.
625 3448 664 3528 ›1‹
682 3445 758 3526 Ego
786 3435 963 3508 Enbaldus
996 3442 1223 3527 archiepisco·

177 3566 244 3629 pus
259 3547 489 3611 Eboracensis
501 3545 712 3626 consignans
769 3546 809 3626 ›1‹
824 3543 900 3624 Ego
914 3543 1113 3608 Osmundus
1130 3544 1223 3609 Lon-

177 3644 351 3711 doniensis
369 3646 551 3729 episcopus
572 3643 778 3710 collaudaui.
839 3642 972 3724 ›14Ego
995 3641 1225 3708 Helmstanus

176 3747 358 3828 episcopus
382 3745 644 3810 Uuintoniensis
672 3761 851 3807 assensum
879 3741 1033 3825 praebui.
1089 3745 1223 3826 ›1‹·Ego

179 3845 400 3910 Hereuuiuus
436 3847 617 3930 episcopus
652 3841 919 3908 Licbcscldensis
951 3843 1120 3906 consensi.
1177 3845 1217 3925 ›1‹

179 3945 255 4026 Ego
270 3943 390 4009 Gedda
412 3943 657 4009 Herfordensis
671 3943 852 4024 episcopus
874 3941 1036 4025 aspiraui.
1092 3944 1132 4024 ›1‹
1147 3941 1224 4024 Ego

177 4043 397 4109 Adelstanns
407 4043 706 4108 Scbireburuensis
725 4043 908 4124 episcopus
928 4041 1122 4124 procuraui.
1177 4044 1226 4122 ›1⁴-

180 4143 256 4226 Ego
273 4142 798 4210 Humbricbtusflelmamensis
819 4141 1000 4224 episcopus
1023 4142 1223 4284 ap2probaui.

1028 4248 1044 4283 Χ
