3112 5032
315 423 383 494 202
573 443 744 494 chauria
766 444 1105 494 arcnosnxourcsn.

317 598 513 666 Cuthherht
526 619 549 663 a
559 620 614 664 me
628 599 734 683 digno
758 602 974 684 comparauit
995 601 1143 684 praetio,
1157 600 1193 665 id
1208 607 1263 666 est
1278 599 1373 662 mille

317 700 449 778 solidis,
476 706 512 764 et
536 701 683 782 singuhs
705 703 805 765 annis
827 703 911 765 mihi
934 703 1088 785 meisque
1114 701 1372 765 successoribus

317 802 420 864 unius
435 801 546 864 noctis
561 808 699 882 pastum
713 809 776 866 aut
790 802 956 885 triginta.
971 851 979 866 .
994 850 1002 866 .
1016 803 1109 866 rauit
1123 801 1235 867 siclos.
1289 800 1371 863 Hoc

317 901 527 966 territorium
542 901 719 983 praefatus
734 903 893 986 princeps
909 922 950 966 ea
965 901 1162 966 conditione
1173 900 1373 984 adquisinit,

318 1006 358 1066 ut
380 1007 460 1084 post
483 1001 747 1084 completionem
773 1002 842 1067 diei
864 1002 969 1080 illius,
991 1003 1052 1085 qui
1079 1003 1124 1066 ab
1152 1021 1194 1065 eo
1217 1019 1374 1064 meruere

318 1108 486 1185 satagunt
508 1100 713 1166 haeredibus
734 1102 962 1184 dcrehnquat,
982 1110 1018 1167 et
1040 1102 1203 1166 haeredes
1227 1100 1373 1184 praede-

319 1200 465 1266 cessoris
487 1200 680 1283 preefatam
708 1203 940 1268 conditionem
966 1210 1174 1267 conseruent
1199 1201 1237 1264 iu
1267 1207 1374 1282 pastu

318 1301 374 1365 uel
392 1302 561 1385 pecunia3
584 1307 619 1365 et
638 1309 719 1384 post
737 1303 846 1366 uitam
864 1303 1001 1367 illorum
1021 1304 1152 1386 absque
1166 1300 1374 1366 offendiculo

318 1402 415 1484 pacis
438 1402 482 1465 ad
504 1401 559 1465 ius
580 1401 763 1484 pristinum
785 1404 1045 1468 antenominata
1057 1410 1152 1467 terra
1167 1407 1374 1466 reuertatur.

320 1502 438 1566 Huius
463 1509 579 1566 autem
601 1501 651 1566 rei
673 1503 724 1567 ita
746 1511 867 1586 gestae
892 1503 929 1567 hi
950 1502 1068 1568 fideles
1093 1509 1201 1567 testes
1223 1501 1373 1565 aderant

319 1609 355 1668 et
372 1601 657 1684 conscripserunt.

375 1703 415 1784 ›1‹
433 1701 510 1783 Ego
525 1700 604 1765 Offa
618 1699 733 1783 gratia
749 1700 805 1764 dei
826 1721 890 1767 rex
904 1702 1114 1767 Marciorum
1135 1702 1236 1783 signo
1257 1701 1372 1765 crucis

321 1800 451 1866 Christi
463 1801 605 1884 propria
625 1820 731 1864 manu
754 1802 923 1867 roboraui.
945 1835 949 1842 ·
980 1805 1021 1885 ›1‹
1035 1802 1111 1885 Ego
1126 1820 1265 1886 quoque
1279 1800 1374 1882 Ecg-

320 1902 409 1967 fcrth
434 1921 496 1966 rex
511 1901 722 1966 Marciorum
745 1904 905 1968 consensi
926 1910 961 1968 et
984 1903 1181 1986 subscripsi.
1239 1902 1278 1983 ›1‹
1294 1900 1373 1981 Ego

322 2001 528 2086 Hygeberht
541 2001 819 2084 archiepiscopus
833 2002 1002 2067 firmando
1016 2002 1213 2086 subscripsi.
1241 2002 1281 2083 ›1‹
1297 2001 1377 2081 Ego

321 2101 521 2185 Ce[0l]uulf
536 2103 718 2186 episcopus
737 2102 917 2190 scribendo
940 2104 1108 2168 consensi.
1149 2105 1189 2186 ›1‹
1204 2101 1281 2182 Ego
1298 2101 1377 2164 Un-

320 2221 437 2268 uuoua
459 2203 641 2286 episcopus
665 2202 844 2269 scribendo
873 2204 1016 2268 firmam.
1069 2205 1108 2286 ›1‹
1124 2203 1200 2285 Ego
1229 2201 1380 2264 Beonna

320 2304 427 2367 abbas
451 2302 541 2367 hanc
563 2323 675 2366 meam
699 2301 967 2370 munificentiam
989 2304 1090 2386 signo
1114 2303 1225 2367 crucis
1241 2299 1374 2364 Christi

318 2403 464 2468 firmaui.
514 2404 553 2485 ›1‹
570 2403 647 2485 Ego
664 2403 875 2484 Uu[ig]bald
889 2405 1070 2488 presbyter
1084 2404 1187 2468 stuic
1202 2401 1374 2466 consensi.

325 2506 367 2585 ›1‹
382 2504 459 2585 Ego
480 2503 702 2568 Beornuuald
727 2507 907 2590 presbyter
928 2504 1173 2570 subscribendo
1194 2520 1376 2566 consenso.

326 2605 365 2686 ›1‹
382 2605 459 2685 Ego
476 2603 614 2668 Eanred
629 2604 808 2686 presbyter
829 2604 1009 2671 subscribo
1031 2611 1067 2669 et
1089 2621 1269 2669 consenso.
1327 2603 1370 2682 ›1‹

322 2703 400 2785 Ego
413 2703 558 2791 Tilbegn
572 2703 752 2769 scribendo
766 2703 911 2770 firmani.

789 2881 913 2894 .—

758 3002 934 3069 CLXVI.

516 3151 648 3217 OFFA
668 3152 733 3217 oF
755 3151 964 3232 MERCIA,
986 3152 1176 3217 791-796.

378 3303 418 3384 ›1‹
436 3300 482 3366 Iu
497 3303 633 3366 nomine
648 3301 778 3367 domiui
792 3302 904 3367 nostri
919 3302 1025 3365 Ihesu
1038 3301 1169 3366 Christi
1181 3300 1258 3384 [qui
1272 3319 1379 3364 cunc·

323 3411 362 3468 ta
375 3403 466 3486 regit
486 3397 669 3484 saccula.]¹
722 3403 799 3485 Ego
823 3402 903 3467 Offa
926 3401 1027 3466 trado
1047 3402 1145 3465 illam
1166 3408 1295 3466 terram
1320 3408 1379 3464 aet

324 3504 538 3586 Uuestbyrig
558 3513 636 3566 curn
660 3502 817 3567 omnibus
841 3502 885 3566 ad
912 3522 949 3566 se
975 3502 1040 3566 rite
1064 3502 1328 3585 pertinentibus,
1342 3500 1379 3563 id

323 3612 377 3669 est
393 3621 443 3668 nx
466 3603 691 3682 manentium,
716 3603 809 3666 etin
831 3602 900 3668 alio
923 3602 1000 3667 loco
1024 3609 1081 3666 aet
1096 3601 1302 3685 Heanhyrig
1325 3619 1378 3663 xx

322 3705 547 3782 manentium,
562 3709 599 3767 to
615 3702 826 3785 Uueogerna
843 3709 988 3781 ceastre,
1000 3722 1063 3784 pro
1079 3702 1229 3766 remedio
1244 3701 1378 3764 animae

322 3823 421 3870 meae
435 3823 477 3868 ac
493 3810 676 3886 parentum
698 3822 864 3881 meorum,
881 3796 963 3886 p'ost
981 3802 1112 3867 obitum
1126 3821 1240 3866 meum
1264 3808 1300 3864 et
1317 3800 1379 3864 filii

323 3905 391 3970 mei
405 3903 569 3986 Ecgsriei,
584 3904 704 3968 eadem
722 3904 894 3968 hbertatis
906 3903 1035 3968 ditione
1049 3904 1086 3967 in
1100 3903 1259 3967 omnihus
1275 3903 1379 3964 rebus

322 3998 606 4090 permanendam²
620 4024 690 4088 qua
703 4023 779 4070 eam
794 4011 876 4069 ante
889 4003 1119 4091 Aehelbaldus
1133 4023 1196 4067 rex
1213 4021 1281 4067 auo
1300 4021 1378 4066 meo

360 4211 497 4277 ¹'Wunting
508 4216 534 4266 in
546 4215 587 4266 the
599 4217 653 4266 first
665 4216 725 4268 MS.
912 4212 1031 4266 'Second
1044 4213 1101 4264 MS.
1113 4213 1131 4242 “
1141 4208 1348 4276 possidendm.”
