3112 5032
440 429 612 480 cnnnrrn
635 429 977 488 susnosnxouronn.
1167 414 1234 479 225

178 586 303 653 tolicae
318 586 409 652 sedis
424 587 658 653 beatissimum
680 606 808 670 papam
827 588 962 654 leonem
985 590 1127 654 uisitare
1146 608 1229 655 conv

176 687 267 769 tigit.
319 689 410 754 inter
432 688 519 752 alias
540 689 751 754 necessarias
774 689 966 770 legationes
989 691 1093 754 etiarn
1109 690 1228 755 discis-

176 788 308 852 sionem
329 789 457 852 iniuste
479 788 606 854 factam
630 788 931 871 archiepiscopalis
951 789 1043 854 sedis
1061 791 1227 855 narrauit.

176 895 211 954 ct
233 887 309 971 ipse
333 888 544 971 apostolicus
565 908 658 973 papa
673 896 713 954 ut
728 888 862 953 audiuit
881 898 918 954 et
940 890 1112 954 intellexit
1135 890 1226 973 quod

175 988 302 1055 iniuste
315 987 436 1056 diisset
450 988 580 1055 sactum
598 989 718 1054 statim
739 989 793 1052 sui
814 989 987 1071 priuilegii
1008 991 1227 1056 auctoritatis

175 1095 386 1171 praeceptum
406 1089 523 1175 posuit
536 1096 572 1156 et
593 1088 629 1154 in
643 1088 868 1156 brittanniam
891 1089 986 1156 misit
1002 1098 1037 1155 et
1057 1090 1226 1178 praecipit

176 1195 216 1253 ut
231 1187 343 1252 bonor
356 1189 407 1254 siri
416 1189 569 1272 agustini
581 1190 674 1254 sedis
683 1210 766 1254 curn
780 1190 938 1254 omnibus
952 1190 1023 1255 suis
1033 1190 1227 1272 parrobbiis

174 1287 394 1371 integerrime
417 1289 710 1372 redintegraretur
731 1289 833 1356 iuxta
855 1291 948 1373 quod
968 1291 1025 1354 sits
1046 1289 1227 1372 gregorius

176 1389 247 1454 niae
259 1391 373 1472 gentis
393 1390 570 1472 apostolus
592 1396 628 1454 et
649 1389 815 1471 magister
836 1389 1019 1473 conposuit
1039 1398 1075 1455 et
1097 1389 1223 1456 honen

174 1490 258 1554 abili
285 1489 502 1573 aicepiscopo
527 1487 753 1556 aedelbeardo
774 1491 812 1564 in
836 1491 985 1574 patriam
1008 1491 1223 1572 peruenianti

175 1589 368 1673 peremnia
387 1589 587 1655 redderetur
605 1597 641 1655 et
654 1589 857 1656 coenuulsus
870 1610 933 1654 rex
957 1590 1036 1671 pius
1057 1590 1225 1676 marcioni

177 1688 228 1755 ita
250 1690 435 1772 compleuit
455 1710 533 1754 cum
552 1691 769 1757 senatoribus
791 1690 875 1756 suis.
927 1688 1031 1754 Anno
1050 1710 1133 1756 uero
1161 1691 1223 1755 do·

174 1790 299 1856 minice
319 1790 596 1858 incarnationis.
621 1791 804 1855 ncce⁰.111⁰.
828 1789 1014 1858 indictione
1042 1837 1050 1854 .
1078 1793 1144 1855 xr⁸.
1168 1791 1223 1856 die

176 1937 182 1952 .
199 1858 294 1955 111ιῆθ
301 1890 378 1954 idus
399 1889 568 1958 Octobris.
622 1890 698 1973 Ego
712 1888 958 1955 aedelbeardus
974 1887 1122 1977 aicepisc
1144 1911 1221 1976 cum

175 1991 333 2056 omnibus
349 2037 356 2052 .
372 2007 441 2056 x11.
456 1988 582 2079 abaco.
596 1991 656 2055 sio
670 1991 751 2056 sede
771 1991 864 2054 beati
883 1990 1036 2073 agustini
1061 1991 1223 2058 subiectis

175 2111 237 2174 per
258 2092 449 2174 apostolica
473 2098 658 2176 praecepta
669 2089 786 2156 domni
799 2109 900 2174 papae
915 2091 1025 2156 leonis
1037 2091 1074 2154 in
1088 2090 1221 2180 synodo

175 2192 235 2274 qui
256 2191 369 2258 factus
396 2198 450 2256 est
471 2192 509 2256 in
528 2192 605 2256 loco
628 2192 753 2256 celebri
778 2192 837 2274 qui
862 2199 1008 2256 uocatur
1028 2190 1221 2257 clofeshoas

175 2292 352 2358 unianimo
365 2289 509 2356 consilio
525 2292 632 2356 totius
642 2293 692 2356 sbi
702 2290 845 2375 synodo.
857 2291 893 2354 in
909 2290 1047 2356 nomine
1060 2288 1097 2355 di
1111 2292 1221 2355 emni-

174 2393 325 2476 potentis
353 2392 594 2475 precipientes
616 2398 652 2456 et
680 2393 831 2456 omnium
860 2393 961 2455 storin
983 2391 1076 2455 illius
1102 2398 1138 2457 et
1159 2412 1222 2476 per

174 2494 247 2558 eius
274 2492 487 2558 tremendum
507 2491 693 2557 iudicium.
710 2499 749 2557 ut
774 2511 961 2576 numquam
987 2511 1085 2574 reges
1110 2511 1221 2573 neque

173 2593 326 2676 episcopi
346 2611 458 2677 neque
483 2592 655 2676 principes
680 2612 792 2677 neque
813 2592 917 2656 ullius
935 2591 1138 2676 tyrannicae
1158 2612 1221 2673 poe

171 2692 310 2756 testatis
331 2691 486 2757 homines
500 2692 663 2756 bonorem
678 2693 730 2756 sci
743 2691 896 2774 agustini
909 2699 946 2756 ct
958 2711 1031 2754 suae
1049 2691 1108 2754 sie
1130 2691 1221 2755 sedis

173 2792 362 2858 diminuere
380 2792 438 2856 uel
458 2792 494 2855 in
518 2791 735 2874 aliquantula
756 2791 927 2874 particula
952 2755 1105 2856 diuideri
1130 2810 1219 2874 prae-

173 2894 339 2957 sumerint
353 2940 360 2955 .
376 2892 437 2957 sed
461 2891 497 2954 in
520 2911 561 2956 eo
586 2911 648 2974 per
676 2891 791 2956 omnia
807 2892 987 2973 dignitatis
1002 2890 1131 2955 bonore
1145 2892 1219 2975 plc-

173 2993 312 3058 nissime
326 3012 462 3076 semper
474 2998 675 3074 permaneat
689 3011 758 3075 quo
773 2993 892 3074 utique
915 2991 952 3055 in
973 2992 1219 3057 constitutione

171 3093 265 3159 beati
287 3093 437 3176 gregorii
456 3097 492 3156 et
512 3092 548 3154 in
571 3091 761 3174 priuilegiis
787 3092 1055 3174 apostolicorum
1078 3111 1218 3157 suornm

171 3212 408 3258 successorum
430 3193 600 3257 habeatur
624 3211 687 3257 nec
708 3213 780 3256 non
801 3193 906 3258 etiam
927 3199 963 3258 et
981 3192 1018 3256 in
1041 3194 1142 3258 sdorri
1161 3212 1219 3257 ca-

171 3313 300 3358 nonum
324 3301 454 3359 rectum
484 3291 603 3356 haberi
630 3293 867 3358 sanctionibus
892 3291 1062 3358 uideatur.
1116 3291 1219 3357 Nunc

171 3393 275 3458 etiam
291 3391 336 3459 do
353 3394 553 3476 cooperanti
575 3400 611 3458 et
632 3393 757 3457 domno
779 3393 971 3476 apostolico
993 3410 1104 3473 papae
1125 3390 1218 3454 leoni

171 3513 237 3575 ego
259 3491 519 3558 Aedelbeardns
540 3489 669 3578 aicepis
691 3499 727 3556 et
749 3492 808 3556 alii
833 3490 1027 3576 coepiscopi
1050 3490 1160 3552 nostri
1184 3497 1219 3554 et

170 3593 348 3658 nobiscum
371 3612 490 3659 ornnes
504 3591 692 3674 dignitates
712 3593 821 3659 nostri
839 3591 961 3675 synodi
982 3609 1060 3654 cum
1082 3587 1220 3652 uexillis

169 3693 281 3757 crucis
297 3690 373 3781 X'pi
387 3693 595 3759 unanimiter
616 3693 800 3776 primatum
825 3693 894 3756 sice
917 3688 1009 3755 sedis
1031 3689 1218 3754 firmantes

170 3791 236 3856 hoc
246 3813 384 3876 quoque
398 3792 648 3876 praecipientes
665 3797 700 3855 et
711 3793 810 3873 signo
826 3793 894 3854 sdae
907 3789 1018 3854 erucis
1029 3789 1218 3853 scribentes

171 3898 210 3956 ut
244 3893 505 3978 a‘ioepiscopalis
534 3892 633 3956 sedes
662 3892 699 3954 in
728 3889 973 3956 liccidfeldensi
1008 3889 1218 3952 monasterio

171 4011 360 4076 numquam
395 3993 564 4058 habeatur
591 4012 637 4056 ex
666 3992 730 4056 hoc
762 3998 916 4073 tempore
945 4009 1057 4072 neque
1086 3989 1123 4053 in
1151 3987 1220 4052 alio

171 4093 249 4158 loco
264 4094 380 4178 aliquo
394 4093 461 4158 nisi
474 4100 610 4157 tantum
634 4091 735 4155 modo
756 4090 792 4153 in
814 4090 1057 4155 dorobernensi
1078 4089 1219 4153 ciuitate

172 4194 233 4258 ubi
255 4192 330 4283 Xpi
353 4193 498 4260 ecclesia
531 4198 584 4256 est
612 4199 648 4255 et
678 4192 738 4256 ubi
768 4191 899 4273 primus
935 4191 971 4252 in
1006 4189 1072 4270 hac
1106 4188 1221 4254 insula

1047 4306 1069 4365 Q
