3134 5030
458 439 631 489 crmnrrn
653 441 996 494 rnemssxomcnn.
1181 427 1248 492 295

196 601 227 664 si
247 599 271 664 h
295 600 382 694 sitq,
398 617 467 664 non
489 606 649 683 optemus
674 599 800 684 aliquis
821 619 941 683 regum
963 607 1024 667 aut
1043 597 1246 682 episcoporii

196 701 211 764 t
232 701 426 785 principum
442 700 516 768 siue
536 701 736 783 praefectum
758 702 928 766 diabolica
941 699 1134 765 temeritate
1148 700 1247 764 insti-

197 809 299 884 gatus
315 802 408 884 quod
423 801 512 865 hanc
526 802 621 866 niam
634 800 855 866 donationem
868 800 1079 886 infringeret
1093 801 1246 866 minuere

197 909 258 968 aut
278 903 315 966 in
339 901 426 966 aliut
447 909 648 966 conuertere
662 904 884 985 temptauerit
896 922 999 986 quam
1014 922 1035 966 a
1049 902 1149 967 nobis
1163 921 1247 966 con*

197 1003 355 1068 stitutum
375 1011 392 1058 ÷
417 1003 505 1066 sciat
530 1020 567 1066 se
592 1022 614 1066 a
639 1000 684 1066 do
712 1001 821 1090 omfrti
845 1003 998 1069 alienatii
1020 1010 1055 1066 et
1084 1009 1246 1066 aeternae

196 1103 425 1167 anathematis
446 1101 595 1166 uinculis
617 1122 692 1166 esse
715 1103 891 1170 nodatum.
907 1104 974 1168 nisi
988 1110 1070 1168 ante
1083 1120 1126 1166 ea
1138 1102 1247 1184 digna

196 1203 431 1267 satisfactione
448 1202 631 1268 emendare
644 1203 805 1270 uoluerit.
820 1212 935 1270 actum
948 1223 965 1268 e
979 1205 1016 1268 in
1030 1203 1147 1285 regale
1161 1203 1245 1267 uillo

197 1322 264 1412 que
275 1304 472 1368 nominatur
485 1304 632 1369 wicbold
645 1304 727 1368 die.
744 1322 778 1368 v.
795 1305 881 1369 feria
894 1303 933 1368 kl
948 1304 1101 1387 septemb
1117 1302 1242 1384 beneq:

196 1371 469 1468 donationem
430 1423 525 1466 nram
540 1403 594 1468 his
607 1405 723 1468 testib:
735 1405 996 1470 consentientib.
1009 1412 1045 1470 et
1061 1403 1161 1490 signo
1175 1422 1245 1468 scae

196 1505 306 1568 crucis
333 1503 393 1594 xpi
419 1505 681 1570 subscribentib.
710 1506 821 1588 quorii
845 1505 901 1569 hic
928 1506 1067 1570 nomina
1088 1503 1218 1568 infra
1208 1524 1244 1568 in

196 1603 335 1669 kartula
349 1605 522 1670 karaxata
535 1605 717 1670 habentur.
749 1632 751 1636 ·

251 1706 382 1788 »14Εςο
411 1705 550 1787 uuiglaf
572 1725 635 1770 rex
662 1706 752 1771 hano
778 1724 889 1770 meam
918 1705 1137 1772 donationem
1166 1723 1245 1772 oum

196 1805 295 1888 signo
311 1807 380 1871 sdes
393 1806 504 1871 crucis
518 1803 579 1892 xfri
592 1807 653 1871 rob
665 1829 688 1898 7
702 1806 775 1870 sub.

251 1909 290 1988 »14
305 1907 382 1990 Ego
395 1905 531 1971 uulfred
545 1906 659 1987 gretia
672 1905 708 1972 di
723 1908 782 1972 ard
797 1904 891 1990 epist
906 1905 995 1971 hano
1009 1905 1117 1970 cande
1137 1903 1246 1970 dona-

196 2007 288 2070 tione
302 2008 346 2070 cti
359 2009 459 2089 signo
473 2008 542 2070 seae
557 2008 667 2071 crucis
683 2005 743 2094 rbi
756 2007 899 2072 confirm
912 2029 935 2098 7
950 2007 1023 2070 suh.

251 2108 290 2190 »14
306 2107 381 2190 Ego
395 2103 564 2190 cynedryb
580 2108 699 2189 regina
711 2108 793 2173 coni
807 2129 829 2198 7
842 2108 917 2172 sub.

251 2209 290 2291 »14
304 2208 381 2291 Ego
395 2207 535 2273 tidwulf
543 2207 616 2272 dux
628 2209 710 2273 corfs‘
722 2230 745 2299 7
758 2207 834 2272 sub.

250 2310 289 2389 »14
304 2308 380 2392 Ego
394 2305 575 2372 aedelhard
590 2308 662 2372 dux
676 2309 758 2375 conl
771 2330 794 2399 7
807 2306 883 2372 snb.

250 2409 290 2490 »14
304 2409 380 2492 Ego
393 2408 548 2474 eadwulf
555 2407 627 2472 dux
641 2409 722 2474 coni
735 2430 758 2499 7
770 2408 843 2472 suli.

249 2509 289 2590 »14
303 2509 380 2593 Ego
394 2509 529 2592 sigered
544 2509 616 2574 dux
630 2510 712 2573 conl
725 2531 747 2600 7
761 2509 838 2576 sub.

249 2610 288 2692 »14
302 2609 380 2693 Ego
394 2610 543 2675 aelfstan
557 2609 630 2674 dux
644 2611 726 2676 cons
739 2632 762 2701 7
775 2610 851 2675 snb.

249 2711 288 2793 »14
302 2711 379 2793 Ego
391 2709 672 2793 wigmundhlius
686 2711 778 2792 regis
793 2710 874 2775 coni
887 2731 910 2800 7
922 2707 998 2772 sub.

249 2812 289 2893 »14
303 2811 380 2894 Ego
394 2811 581 2895 cyneberht
595 2812 677 2876 cons·
690 2833 713 2902 7
727 2811 801 2876 sut.

248 2913 287 2992 »14
303 2912 380 2995 Ego
393 2911 523 2976 aelfred
536 2911 715 2994 pedisecos
730 2911 812 2976 coni
824 2934 847 3003 7
860 2909 933 2974 sub,

249 3014 288 3093 »14
302 3013 379 3095 Ego
394 3012 529 3077 headda
540 3008 581 3098 frr
595 3013 676 3077 cons
688 3034 710 3103 7
723 3012 801 3076 sub.

249 3113 289 3194 »14
303 3113 379 3196 Ego
393 3111 511 3179 aldred
526 3113 608 3176 coni
621 3134 643 3203 7
657 3113 732 3177 sub.

249 3215 288 3294 »14
303 3214 381 3296 Ego
395 3211 557 3278 heahferb
571 3214 654 3277 coni
667 3236 690 3305 7
702 3213 778 3276 sub.

249 3315 288 3394 »14
304 3314 380 3396 Ego
393 3312 560 3379 achelhun
575 3313 692 3405 con‘57
707 3313 782 3377 sub.

250 3414 288 3496 »14
303 3414 381 3498 Ego
395 3434 524 3480 monna
538 3414 620 3479 coni
633 3436 656 3505 7
671 3414 744 3478 sub.

659 3585 781 3602 m

588 3706 850 3778 CCXXVIII.

536 3849 801 3928 EADWALD,
824 3847 900 3913 831.

250 4011 369 4096 »14918
400 4013 431 4077 is
465 4010 610 4096 gotinge
642 4007 836 4076 eadwaldes
864 4003 1064 4085 osheringes
1089 4024 1112 4093 7
1140 4018 1244 4084 cyne-

193 4115 296 4200 bryhe
324 4114 513 4180 ebclmodes
539 4114 609 4178 lafe
631 4112 872 4177 aldormennes
896 4106 997 4191 ymbe
1023 4099 1080 4168 het
1103 4101 1184 4166 lond
1209 4107 1246 4165 et

194 4225 267 4284 cert
290 4214 331 4280 he
352 4216 426 4281 hire
450 4212 603 4280 chelmod
626 4214 700 4278 hire
722 4209 867 4276 hlabard
896 4205 992 4274 salde
1020 4223 1090 4270 wes
1113 4202 1165 4268 hit
1186 4203 1244 4267 be-
