3112 5032
460 431 632 478 canaria
655 431 996 482 rscmsnxorucnn.
1191 421 1257 486 155

616 635 845 702 CXXVIII.

260 801 281 842 ¹*
300 805 511 871 UHTRED
539 809 604 872 OF
627 809 730 874 THE
755 807 1206 886 micenam-775.

201 1023 205 1030 .
259 979 298 1058 »1⁴
326 975 696 1053 Arrnorrnonnnran
715 978 835 1042 mundi
851 981 1047 1058 terminum,
1066 981 1172 1044 etiam
1194 1001 1257 1064 per

202 1075 329 1138 indicia
350 1084 526 1161 comperta
540 1085 576 1143 et
594 1079 695 1160 signa
709 1078 893 1144 manifesta
914 1079 1122 1157 declaratur,
1136 1100 1255 1162 quem-

202 1175 388 1244 admodum
419 1195 520 1242 sacra
549 1178 808 1260 euangeliorum
835 1180 977 1244 oracula
1005 1180 1254 1261 pronuntiant;

202 1276 345 1341 humani
357 1296 495 1359 quoque
510 1279 647 1359 generis
656 1278 783 1360 proles,
797 1278 900 1342 certis
912 1286 947 1342 et
955 1280 1095 1344 incertis
1109 1279 1255 1344 conditi·

204 1394 309 1439 onum
325 1377 505 1442 euentibus
528 1377 571 1440 de
593 1377 658 1442 hac
680 1379 862 1461 temporali
882 1379 959 1450 luce
972 1379 1090 1442 multis
1104 1399 1146 1444 ac
1161 1380 1256 1442 miris

202 1475 314 1540 modis
328 1476 473 1558 rapitur.
526 1476 657 1542 Iccirco
670 1497 735 1559 ego
751 1477 938 1555 Uhtredus,
954 1479 1009 1542 dei
1023 1477 1114 1543 dono
1134 1480 1253 1544 subre-

204 1576 308 1656 gulus
317 1574 555 1654 Huicciorum,
567 1578 609 1640 de
624 1577 678 1642 his
687 1578 872 1642 tremendis
886 1579 1000 1642 causis
1016 1586 1130 1643 mente
1141 1579 1255 1642 reuol-

202 1694 300 1752 uens,
315 1676 482 1758 optimum
503 1675 568 1741 boc
591 1676 664 1742 sore
686 1677 896 1758 excogitaui,
911 1685 951 1742 ut
973 1677 1103 1759 aliquid
1122 1698 1167 1742 ex
1189 1679 1254 1741 im-

198 1776 329 1840 mensis
350 1775 593 1841 donationibus
612 1795 702 1857 quae
724 1777 807 1840 mihi
829 1776 971 1860 indigno
990 1778 1075 1841 deus
1097 1778 1253 1860 omnipo-

202 1883 279 1940 tens
301 1882 337 1938 et
355 1875 484 1940 domini
504 1877 573 1941 mei
594 1877 738 1958 piissimi
752 1895 852 1958 reges
870 1877 1078 1942 Marciorum
1101 1877 1253 1942 donaue-

202 1982 295 2052 runt,
317 1994 380 2057 pro
397 1975 547 2040 remedio
569 1977 704 2040 animae
723 1995 832 2053 meae,
845 1977 890 2040 ad
908 1976 1108 2042 aecclesiam
1130 1979 1253 2042 beatae

203 2085 337 2157 semper
350 2075 494 2157 uirginis
510 2075 566 2139 dei
588 2076 771 2158 genetricis
795 2075 942 2153 Mariae,
965 2095 1031 2159 qne
1054 2077 1122 2144 sita
1141 2083 1195 2140 est
1217 2076 1254 2140 in

201 2173 388 2257 Uuegerna
401 2175 554 2252 ciuitate,
570 2175 630 2240 ubi
651 2194 796 2258 corpora
812 2183 950 2258 patrum
969 2195 1123 2240 meorum
1144 2176 1250 2258 digne

201 2273 407 2351 conduntur,
423 2275 460 2340 in
473 2293 557 2338 usus
570 2275 846 2340 aecclesiasticae
859 2275 1121 2346 necessitudinis
1137 2275 1251 2340 dedis·

203 2393 287 2440 sem.
325 2373 372 2438 Et
386 2374 463 2438 ideo
477 2375 665 2438 secundum
680 2374 855 2439 licentiam
867 2382 903 2439 et
916 2374 1175 2456 permissionem
1189 2375 1252 2439 do·

205 2473 288 2538 mini
314 2473 381 2542 mei
403 2473 683 2538 excellentissimi
698 2473 825 2551 Offani,
848 2473 940 2556 regis
963 2473 1190 2551 Mercionnm,
1218 2481 1255 2538 et

203 2574 328 2638 ducum
337 2573 411 2636 eius
422 2593 463 2636 ac
473 2574 678 2657 principum,
693 2592 838 2656 qnorum
852 2574 954 2656 signa
966 2574 1077 2646 crucis
1089 2591 1253 2648 mannum

203 2692 244 2736 ac
268 2671 409 2736 nomina
422 2672 513 2735 infra
525 2675 718 2756 perscripta
731 2672 856 2736 litteris
877 2672 931 2736 his
953 2673 1152 2756 assignabo,
1165 2673 1255 2736 dabo

204 2778 331 2836 terram
352 2771 497 2834 duarum
520 2774 736 2837 mansionum
758 2772 879 2855 iugera
896 2773 1142 2849 continentem,
1164 2791 1254 2853 qnae

205 2873 295 2935 iacet
308 2872 409 2935 iuxta
430 2871 573 2934 fluuium
589 2873 650 2955 qui
665 2872 790 2936 dicitur
805 2870 900 2948 Stnr,
915 2872 959 2935 ad
974 2872 1102 2936 uadum
1117 2871 1254 2935 nomine

206 2970 472 3054 Scepesunasce,
487 2972 749 3048 reconditione,
762 2978 802 3034 ut
817 2972 1041 3054 congregatio
1051 2972 1112 3050 illa
1123 2971 1255 3035 aeccle·

203 3071 274 3134 siae
296 3070 437 3134 sanctae
454 3069 589 3134 Mariae
606 3071 651 3134 ad
672 3070 847 3154 propriam
865 3089 1046 3134 mensurae
1068 3069 1254 3153 participa·

205 3171 331 3235 tionem
340 3189 480 3234 mensae
492 3171 630 3234 illorum
640 3171 803 3247 habeant,
816 3177 852 3234 et
862 3172 949 3234 bene
958 3171 1138 3235 unanimes
1148 3177 1252 3236 utan-

205 3278 263 3334 tur
280 3270 318 3333 in
334 3270 434 3334 domo
456 3289 625 3353 pauperes
642 3270 772 3335 Christi
785 3270 845 3352 qni
865 3269 1026 3335 habitant
1046 3271 1083 3333 in
1101 3289 1153 3334 ea.
1186 3329 1188 3334 .
1205 3270 1252 3334 Et

205 3388 293 3451 quae
307 3389 410 3452 saepe
434 3370 581 3451 contigit
594 3389 658 3452 pro
672 3369 812 3434 incertis
826 3369 1010 3434 haeredum
1026 3370 1253 3447 successibus,

204 3470 328 3551 quibus
347 3489 416 3534 non
434 3475 488 3532 est
502 3471 761 3546 annunciatum,
776 3468 959 3533 obliuionis
970 3469 1170 3550 ignorantia
1188 3487 1251 3532 an-

203 3570 377 3651 tiquorum
399 3569 529 3650 scripta
557 3576 593 3632 et
614 3569 708 3634 dicta
732 3569 853 3650 ignota
874 3569 1042 3646 existunt,
1069 3575 1254 3650 propterea

204 3687 343 3733 causam
358 3669 459 3732 huius
470 3669 665 3733 donationis
677 3667 809 3732 telluris
822 3667 947 3732 litteris
958 3669 1142 3732 caraxabo.
1168 3666 1253 3732 Mil-

204 3769 305 3832 redus
327 3768 499 3845 uidelicet,
514 3769 720 3833 uenerabilis
743 3769 924 3851 episcopus
947 3787 1056 3845 meua,
1071 3775 1107 3832 et
1125 3767 1254 3831 domini

201 3869 269 3932 mei
279 3869 368 3932 lidus
376 3869 518 3945 amicus,
528 3868 835 3951 postulabatame,
846 3873 886 3931 ut
894 3875 1021 3931 terram
1029 3868 1124 3931 illam
1135 3868 1252 3930 darem

203 3975 284 4032 ante
295 3968 492 4032 nominatae
510 3967 696 4032 aecclesiae
711 3968 844 4049 praetio
862 3968 905 4030 ab
921 3987 963 4032 eo
976 3973 1118 4049 accepto
1131 3985 1140 4045 ;
1160 3967 1252 4049 quod

205 4076 240 4132 ct
255 4068 398 4132 consilio
409 4085 562 4132 meorum
574 4068 831 4132 consiliatorum
843 4067 1013 4131 consensi.
1044 4066 1191 4148 Insuper
1199 4073 1255 4129 at-

203 4187 272 4250 que
285 4169 447 4250 placabili
461 4168 608 4249 pecunia
621 4171 666 4233 ab
680 4187 721 4244 eo
737 4176 908 4251 suscepta,
922 4187 986 4250 pro
997 4186 1112 4231 amore
1125 4167 1254 4230 coeles·
