3188 5032
486 419 658 468 onnnrnn
681 410 1021 473 anctosnxomcnn.
1236 411 1279 474 61

225 596 244 638 e
265 577 441 641 contrario
463 576 617 640 minuere
632 578 866 659 temptauerit,
889 579 1015 644 euellet
1030 599 1107 643 eum
1122 578 1164 643 ds
1180 581 1278 646 dirse

226 695 332 759 regno
355 696 419 741 suo
436 684 471 740 et
484 683 620 758 partem
633 678 706 740 eius
720 685 827 758 ponet
848 697 926 742 cum
939 679 1178 760 peccatoribus
1192 729 1202 745 .
1214 702 1277 746 no-

218 776 320 844 mina
332 797 416 842 nero
434 777 575 840 testium
590 778 709 841 subter
722 777 855 859 scripta
867 786 962 842 sunt.
991 819 996 828 ·

282 877 321 956 ›1‹
346 877 492 960 Signum
523 896 646 940 manus
676 876 848 941 coenredi.
916 880 956 959 ›1‹
977 879 1124 960 Signum
1152 899 1278 946 manus

227 976 377 1042 ecuuini.

283 1077 323 1156 »1⁴
344 1076 489 1157 Signum
504 1075 852 1140 manus‘aedilheardi.

284 1177 323 1256 ›1‹
346 1176 491 1256 Signum
505 1193 628 1238 manus
645 1175 891 1244 aediluueardi.

283 1276 323 1355 ›1‹
344 1275 490 1358 Signum
503 1293 627 1339 manus
642 1275 827 1341 cuthberti.

701 1573 802 1638 LIV.

550 1724 571 1767 *
595 1721 857 1800 ALDHELM,
880 1722 957 1788 705.

268 1869 432 1951 ›14N1n1n
444 1872 481 1935 in
495 1871 561 1936 hoc
572 1873 710 1936 saeculo
724 1872 862 1954 prolixa
877 1870 1064 1936 faelicitate
1080 1871 1279 1954 perfruitur,

230 1970 315 2034 nihil
337 1970 501 2036 diuturna
523 1971 755 2036 dominatione
772 1972 914 2053 potitur,
929 1970 1014 2034 nihil
1029 1972 1120 2053 qnod
1142 1993 1212 2038 non
1235 1975 1279 2038 ad

229 2069 370 2134 fatalem
388 2071 482 2134 uitae
496 2072 680 2137 terminum
695 2071 807 2135 ueloci
820 2089 923 2134 cursu
938 2070 1077 2136 tendere
1099 2070 1277 2138 uideatur!

228 2169 277 2232 Et
290 2169 368 2233 ideo
385 2171 434 2234 sic
450 2172 549 2235 nobis
565 2171 816 2235 mundanarum
838 2189 952 2234 rerum
974 2171 1182 2251 patrimonia
1196 2181 1280 2241 sunt

229 2268 492 2350 perl'ruenda,ut
501 2277 617 2333 tamen
627 2277 788 2334 aeternae
797 2270 930 2352 patriae
939 2269 1179 2335 emolumentis
1191 2293 1278 2340 nun.

230 2387 334 2450 quam
343 2369 552 2433 fraudemur.
589 2368 684 2433 Hinc
699 2377 752 2432 est
767 2369 860 2452 quod
874 2388 939 2450 ego
950 2367 1167 2447 Aldhelmus,
1182 2380 1278 2452 post·

230 2487 333 2550 quam
361 2489 416 2533 me
443 2469 662 2545 immeritum,
690 2469 863 2551 nullisque
901 2469 1098 2551 praedignis
1126 2470 1278 2535 moribus

229 2570 500 2651 comprobatum,
512 2569 548 2632 in
557 2569 779 2651 pontificatus
789 2567 890 2633 officii
904 2568 1018 2632 sedem
1032 2567 1150 2632 diuina
1164 2571 1278 2650 gratia

229 2669 535 2746 subthronizasset,
549 2669 714 2751 proposui
731 2687 859 2734 arcano
878 2667 1003 2731 mentis
1020 2686 1117 2732 meae
1141 2667 1278 2748 affectu,

227 2775 270 2834 ut
297 2768 514 2832 monasteriis
541 2769 642 2846 meis,
662 2769 787 2851 quibus
809 2767 1008 2832 iamdudum
1029 2768 1067 2830 in
1092 2768 1277 2834 abbatatus

228 2868 340 2948 gradu
377 2869 599 2945 constitutus
635 2868 847 2950 suffragante
886 2867 1037 2943 domino,
1074 2868 1279 2949 regulariter

227 2967 375 3050 praefui,
398 2968 596 3050 religiosum
617 2969 789 3045 abbatem,
805 2987 907 3050 quem
930 2968 996 3031 sibi
1014 2974 1207 3049 spontanea
1225 2969 1278 3034 fa·

229 3068 400 3131 miliarum
419 3087 573 3131 mearum
595 3068 690 3149 optio
713 3087 866 3132 consona
879 3086 965 3131 uoce
982 3067 1155 3148 elegisset,
1169 3087 1275 3134 cano-

230 3168 309 3234 nica
322 3167 496 3240 creatione
512 3174 617 3250 atque
631 3167 781 3249 regulari
795 3168 974 3231 sanctione
986 3167 1240 3234 constituerem.

267 3266 337 3329 His
347 3266 554 3332 uoluntariis
564 3267 855 3350 propositionibus
864 3267 948 3330 meis
961 3267 1020 3348 pia
1031 3267 1276 3334 monachorum

230 3385 383 3431 meorum
397 3367 524 3431 restitit
538 3367 772 3449 pertinacitas.
823 3366 962 3430 Etcum
977 3366 1042 3430 hoc
1058 3366 1177 3432 sedulo
1200 3388 1276 3432 sae-

229 3466 374 3548 piusque
389 3466 426 3528 in
440 3475 614 3531 conuentu
627 3466 774 3530 fratrum
796 3485 949 3530 meorum
971 3464 1175 3534 fiducianter
1195 3477 1276 3532 nar.

229 3585 372 3644 rassem,
387 3566 504 3630 nullus
516 3566 570 3628 bis
584 3567 677 3630 notis
699 3565 784 3628 meis
798 3565 1069 3647 placidissimum
1090 3567 1278 3648 praebebat

229 3683 427 3730 assensum:
464 3665 618 3730 dicentes
646 3664 738 3747 qnod
764 3664 930 3746 quamdiu
967 3665 1066 3728 uitali
1102 3667 1276 3746 negetaris

229 3766 354 3847 spiritu
370 3766 615 3847 nobiscumque
637 3765 829 3847 praesentis
843 3765 939 3829 uitae
953 3764 1128 3847 deputaris
1151 3765 1275 3843 stadio,

229 3874 310 3930 tuae
324 3885 459 3947 semper
469 3864 714 3929 dominationis
727 3865 809 3946 iugo
824 3864 1012 3942 humillime
1027 3863 1117 3926 colla
1131 3865 1276 3929 subdere

227 3985 299 4029 non
313 3964 551 4046 dedignamur.
598 3964 670 4028 'Sed
684 3964 751 4029 hoc
763 3966 910 4047 supplici
923 3981 1023 4047 prece
1037 3963 1276 4045 communique

225 4064 610 4148 rogatudeprecamu13
634 4064 727 4147 quod
747 4065 811 4128 sub
825 4082 924 4126 sacra
944 4063 1190 4143 scripturarum
1206 4067 1275 4128 tes-

225 4166 416 4237 tificatione
429 4173 465 4230 et
479 4165 719 4232 fauorabilium
743 4164 894 4231 uirorum
908 4161 1002 4225 claro
1016 4181 1184 4228 consensu
1200 4183 1276 4228 cor-
