3112 5032
323 390 388 454 144
546 379 550 388 ’
578 405 750 454 οΗΑητΛΕ
774 405 1115 456 Anonosuxomcnn.

767 681 931 748 CXVII.

449 864 658 931 UHTRED
683 865 747 930 OF
772 865 877 929 THE
901 863 1145 942 HWICGAS,
1169 865 1248 930 767.

379 1059 418 1139 ›1‹
444 1057 490 1120 ΙΝ
518 1058 655 1122 nomine
685 1056 743 1120 diii
772 1058 818 1122 ni.
844 1055 905 1120 iiiu
934 1054 1006 1144 xpi.
1064 1055 1263 1122 Certissime
1288 1059 1375 1143 itaq:

323 1158 420 1241 absq:
447 1158 661 1222 dubitatione
687 1164 824 1222 constat
845 1156 960 1221 omnia
986 1176 1075 1240 quae
1103 1156 1265 1221 uidentur
1288 1166 1376 1223 tem-

322 1258 457 1339 poralia
471 1277 547 1322 esse
562 1265 596 1322 et
612 1277 701 1340 quae
714 1278 783 1322 non
798 1257 960 1321 uidentur
977 1264 1118 1321 aeterna
1140 1276 1227 1322 esse.
1249 1258 1377 1324 idcirco

322 1377 386 1439 ego
401 1358 566 1423 uhtredus
586 1356 631 1422 do
654 1358 803 1422 donante
829 1358 968 1438 regulus
985 1353 1197 1421 huiccidrum
1223 1360 1376 1440 cogitaui

322 1464 361 1521 ut
376 1477 421 1520 ex
432 1466 576 1540 accepta
589 1458 746 1540 portione
761 1458 942 1538 terrigenis
956 1458 1055 1538 regni
1077 1477 1099 1522 a
1121 1457 1286 1540 largitore
1300 1480 1375 1525 orn-

321 1558 415 1622 nium
428 1559 595 1622 bonorum
609 1557 739 1641 aliquid
753 1557 912 1640 quamuis
935 1558 1049 1622 minus
1071 1557 1213 1639 dignum
1239 1579 1303 1642 pro
1319 1582 1374 1626 re-

321 1658 433 1721 medio
448 1659 583 1722 animae
596 1678 692 1721 meae
704 1657 741 1720 in
755 1678 838 1722 usus
850 1658 1104 1722 ecclesiasticae
1112 1658 1282 1723 libertatis
1298 1681 1373 1727 ero-

321 1777 438 1839 garem
456 1805 464 1822 .
481 1758 571 1822 unde
585 1758 676 1822 fideli
695 1778 772 1823 meo
793 1757 952 1850 ministro
972 1757 1195 1824 aedelmundo
1212 1759 1375 1826 uidelicet

321 1858 392 1921 filio
405 1857 535 1940 ingeldi
550 1859 610 1940 qui
632 1857 698 1922 fuit
720 1859 794 1922 dux
813 1866 849 1923 et
871 1858 1056 1943 praesectus
1077 1858 1258 1924 aedilbaldi
1279 1862 1373 1944 regis

320 1977 398 2022 curn
412 1975 614 2038 consensu]
630 1959 771 2023 licentia
785 1959 888 2024 offani
911 1960 1002 2042 regis
1017 1959 1220 2024 merciorum
1234 1960 1371 2045 simulq:

320 2058 556 2140 episcoporum
587 2066 623 2123 et
649 2059 842 2142 principum
866 2058 940 2123 eius
968 2067 1095 2124 terram
1118 2060 1237 2143 quinq:
1264 2063 1372 2125 tribu-

223 2145 229 2154 ’
319 2159 486 2223 tariorum
501 2159 536 2224 id
549 2167 604 2224 est
617 2160 731 2224 uicum
746 2160 806 2242 qui
824 2159 1022 2228 nominatur
1041 2167 1164 2225 eastun
1184 2161 1285 2225 iuxta
1307 2162 1370 2225 flu-

318 2258 414 2322 uium
431 2260 490 2323 in.
510 2309 518 2324 .
585 2307 593 2324 .
609 2260 669 2342 qui
691 2260 818 2324 dicitur
839 2259 1023 2343 saluuarpe
1042 2261 1116 2324 iure
1136 2261 1369 2327 ecclesiastico

318 2360 561 2443 possidendam
575 2359 799 2425 libentissime
813 2380 875 2444 pro
891 2361 958 2425 diio
969 2361 1197 2442 omnipotenti
1211 2361 1367 2427 donabo.

318 2480 421 2543 quam
436 2461 466 2525 is
481 2479 616 2543 semper
631 2460 808 2542 possideat
825 2469 860 2525 et
883 2467 964 2543 post
981 2479 1019 2524 se
1038 2461 1094 2524 cui
1109 2460 1258 2526 uoluerit
1270 2462 1370 2527 here-

319 2561 398 2625 dum
421 2561 605 2644 relinquat.
626 2561 768 2644 insuper
793 2561 899 2643 digno
922 2561 1055 2644 praetio
1078 2562 1186 2625 abeo
1209 2571 1371 2645 suscepto

317 2681 380 2743 pro
406 2661 557 2726 remedio
585 2661 721 2725 animae
750 2668 889 2725 nostrae
917 2667 953 2726 et
982 2681 1045 2744 pro
1071 2679 1187 2725 amore
1212 2662 1370 2730 caelestis

226 2803 229 2808 -
317 2761 451 2843 patriae
473 2760 569 2826 Sciat
582 2760 785 2844 unusquisq:
806 2762 896 2825 hanc
914 2769 1042 2825 terram
1060 2761 1204 2826 liberam
1226 2782 1303 2827 esse
1326 2766 1369 2829 ab

317 2861 412 2924 omni
439 2861 568 2925 tributo
589 2880 699 2942 paruo
720 2861 777 2926 uel
800 2861 929 2926 maiore
950 2860 1174 2943 publicaiium
1197 2882 1310 2926 rerum
1334 2872 1369 2929 et
1407 2921 1410 2930 ,

314 2962 482 3026 acunctis
505 2961 665 3044 operibus
687 2961 745 3024 uel
767 2962 859 3042 regis
884 2961 941 3025 uel
967 2962 1131 3045 principis
1154 2970 1292 3045 praeter
1311 2963 1365 3027 in-

313 3062 559 3126 structionibus
586 3060 743 3144 pontium
779 3060 835 3124 uel
870 3062 1072 3126 necessariis
1107 3062 1361 3128 defensionibus

316 3163 444 3226 arcium
466 3169 589 3227 contra
610 3160 728 3225 hostes
752 3209 760 3224 .
784 3161 979 3227 omnimodo
1001 3181 1104 3246 quoq:
1131 3161 1167 3226 in
1194 3161 1230 3228 di
1256 3162 1364 3250 ompis

316 3257 452 3326 nomine
473 3262 707 3327 interdicimus
738 3269 779 3326 ut
809 3262 839 3325 si
861 3262 986 3346 aliquis
1015 3263 1052 3326 in
1077 3261 1143 3326 hac
1170 3265 1366 3345 praenomi-

316 3370 433 3427 natam
455 3369 582 3427 terram
608 3362 738 3445 aliquid
761 3362 853 3426 foras
875 3360 1075 3445 furaue[rit]
1106 3362 1210 3427 alicui
1231 3365 1365 3429 soluere

316 3462 446 3548 aliquid
466 3464 532 3528 nisi
561 3463 757 3547 specialiter
778 3462 927 3546 pretium
948 3482 1012 3545 pro
1037 3463 1149 3546 pretio
1174 3464 1218 3527 ad
1248 3465 1365 3530 termi-

315 3583 397 3628 num
412 3563 456 3626 ad
478 3553 602 3647 penam
623 3562 708 3627 nihil
727 3562 821 3627 foras
836 3569 1021 3646 augentem
1040 3562 1105 3627 hoc
1128 3583 1241 3628 mcum
1264 3585 1364 3648 prae·

314 3672 452 3748 ceptum
466 3665 683 3747 omnipotens
706 3661 747 3726 ds
772 3681 837 3728 sua
862 3682 989 3747 augere
1011 3664 1104 3729 bona
1125 3663 1160 3728 in
1187 3672 1366 3752 aeternum

313 3785 384 3829 non
412 3770 526 3829 cessat
549 3811 558 3830 .
580 3765 790 3829 minuentem
815 3764 906 3847 quod
933 3784 1003 3829 non
1027 3771 1188 3847 optamus
1212 3766 1301 3831 sciat
1325 3786 1363 3831 se

314 3872 395 3929 ante
409 3864 560 3930 tribunal
575 3862 634 3951 xiii
653 3864 823 3929 rationem
844 3865 1056 3930 redditurum
1074 3864 1141 3929 nisi
1160 3872 1242 3929 ante
1262 3885 1304 3931 ea
1318 3865 1364 3932 do

312 3973 349 4029 et
363 3964 556 4029 hominibus
567 3966 652 4029 satis
667 3965 912 4031 emendauerit.
951 3965 1158 4049 Conscripta
1167 3973 1220 4029 est
1233 3965 1263 4029 is
1277 3966 1363 4032 haec

312 4064 452 4129 donatio
462 4085 553 4130 anno
565 4067 609 4130 ab
621 4066 860 4132 incarnatione
871 4066 939 4131 diri.
952 4068 998 4131 ni.
1009 4065 1081 4131 iiiu.
1093 4064 1164 4154 xpi.
1175 4083 1361 4134 nccuxvu.

312 4164 383 4228 ind.
400 4183 448 4230 vr.
463 4165 533 4231 lun.
551 4183 585 4231 v.
