3112 5032
317 427 383 492 178
571 437 746 487 celerer
768 437 1109 488 arenosaxomcan.

321 620 425 683 quam
445 597 608 680 largiflua
634 595 868 661 beniuolentia
896 595 1056 660 dominus
1086 597 1196 680 gratis
1221 597 1376 674 donauit,

322 701 425 764 Esme
455 699 573 763 comiti
602 697 846 780 praefectoque
874 716 963 774 meo,
986 716 1068 760 rura
1097 696 1202 762 trium
1227 698 1375 762 tributa·

322 802 451 865 riorum
471 805 597 862 uocata
609 795 869 878 Eouuengelad,
884 797 1093 878 perdonabo.
1144 797 1250 862 Anno
1265 799 1309 861 ab
1322 798 1376 861 in·

323 900 523 964 carnatione
547 898 675 962 domini
699 900 1015 961 necexxx1111⁰.et
1034 898 1132 979 regni
1152 899 1220 962 mei
1240 899 1375 962 xxvl1⁰.

324 1001 370 1063 Et
384 1000 433 1063 sic
447 1017 531 1081 ager
545 998 610 1061 hcc
625 997 758 1080 praetio
774 1004 910 1078 emptus
927 1003 1000 1075 est3
1025 1015 1045 1060 c
1060 1016 1156 1075 oueS,
1171 1016 1249 1061 xxx
1266 1000 1375 1062 boues

323 1107 358 1163 et
372 1117 510 1176 uaecaS,
523 1115 609 1162 xxx
624 1117 730 1180 equos
746 1096 931 1160 indomitos
945 1096 1050 1161 dedit.
1104 1098 1180 1161 Rus
1192 1099 1295 1161 etiam
1309 1097 1375 1162 hoc

324 1199 425 1264 modo
441 1199 606 1262 donatum
622 1205 674 1262 est
688 1205 727 1262 ut
742 1215 842 1259 suum
857 1197 1048 1261 masculum
1062 1198 1238 1281 possideat
1257 1205 1293 1262 et
1308 1218 1379 1261 non

325 1299 546 1378 femininum3
570 1305 618 1375 et,
642 1305 722 1380 post
736 1297 868 1360 obitum
889 1298 1072 1380 prosapiae
1095 1297 1200 1374 illius,
1228 1298 1311 1361 data
1333 1298 1381 1361 sit

325 1409 398 1464 tam
410 1400 494 1462 uilla
502 1417 606 1480 quam
621 1399 784 1462 uniuersa
793 1403 887 1460 terra
896 1417 985 1479 quae
999 1398 1036 1460 in
1050 1416 1114 1460 sua
1124 1405 1297 1481 potestate
1311 1405 1377 1475 est,

325 1500 369 1564 ad
384 1499 578 1582 religiosam
595 1497 796 1562 aecclesiam
813 1516 901 1580 quae
917 1504 1137 1580 nuncupatur
1152 1498 1337 1562 Euesham.

380 1602 420 1682 ›1‹
441 1599 517 1680 Ego
533 1597 623 1661 Offa.

382 1701 422 1780 ›1‹
443 1698 519 1780 Ego
536 1697 729 1781 Cynedred.

381 1797 420 1882 ›1‹
442 1798 518 1880 Ego
533 1797 769 1862 Berhthunus

739 2092 957 2159 cxnvrn.
1053 2071 1061 2077 '

378 2236 400 2281 r
421 2240 631 2305 uurnun
657 2240 720 2305 or
744 2241 849 2306 rue
873 2239 1119 2321 uwrccas,
1141 2241 1328 2308 rae-ree.

353 2407 355 2411 ’
383 2390 423 2470 ›1‹
441 2387 486 2452 ΙΝ
512 2388 649 2452 nomine
678 2389 806 2453 domini
838 2389 948 2454 nostri
971 2389 1077 2453 Ihesu
1101 2386 1249 2454 Christi!
1301 2389 1381 2472 Ego

331 2488 508 2554 Uhtredus
523 2490 581 2572 pia
595 2488 909 2571 praedestinatione
929 2489 985 2553 dei
1005 2489 1214 2554 concedente
1238 2490 1381 2573 aliquod

330 2589 481 2670 regimen
504 2589 663 2672 propriae
679 2589 794 2670 gentis
817 2589 1042 2655 Huicciorum
1064 2597 1197 2668 teneus,
1220 2590 1383 2673 exempla

330 2695 466 2770 patrum
485 2708 638 2752 meorum
660 2708 820 2772 sequere,
834 2689 999 2772 quatinus
1022 2710 1068 2754 ex
1093 2690 1259 2755 mundani
1278 2690 1382 2754 huius

329 2789 505 2870 regiminis
535 2790 693 2871 portione
719 2788 859 2872 aliquod
888 2790 925 2853 in
954 2790 1244 2855 aecclesiasticam
1276 2789 1381 2854 liber-

331 2893 450 2968 tatem,
476 2908 539 2972 pro
561 2889 796 2972 redemptione
823 2889 959 2954 animae
979 2909 1087 2967 meae,
1117 2889 1296 2972 largiendo
1319 2890 1382 2955 do·

332 3007 452 3068 narer3
482 2989 628 3072 ideoque
657 2989 809 3072 aliquam
836 2989 942 3071 agelli
964 2997 1110 3072 partem,
1139 3009 1217 3054 cum
1241 2990 1384 3056 licentia

331 3095 437 3169 atque
460 3089 630 3172 permissu
649 3090 793 3172 piissimi
814 3089 907 3171 regis
932 3090 1140 3154 Marciorum
1166 3089 1281 3167 Offau,
1304 3110 1383 3155 meo

331 3187 492 3253 uidelicet
513 3208 594 3252 carc
616 3188 777 3272 fidelique
805 3189 963 3254 ministro
978 3189 1192 3255 Ceolmundo
1216 3191 1270 3255 bis
1295 3209 1383 3273 qua·

332 3295 449 3352 ternas
478 3289 674 3370 mansiones
699 3309 778 3353 cum
806 3291 963 3354 omnibus
994 3290 1101 3354 adse
1129 3291 1383 3373 pertinentibus

331 3387 367 3451 in
397 3388 681 3453 Habenehomme
710 3389 796 3454 iuris
828 3389 1063 3467 ecclesiastici,
1097 3390 1136 3454 iu
1175 3397 1381 3474 perpetuum

331 3507 394 3570 pro
428 3489 567 3553 domino
598 3489 827 3572 omnipotenti
852 3490 1011 3570 donab03
1045 3491 1209 3573 quatinus
1237 3491 1298 3556 illo
1327 3492 1383 3556 ui-

332 3595 435 3652 uente
461 3588 589 3653 habeat
609 3597 645 3654 et
665 3590 853 3672 possideat,
875 3597 1010 3674 etpost
1029 3610 1067 3655 se
1088 3591 1289 3674 cuicumque
1317 3611 1382 3657 uo-

331 3687 435 3751 luerit
449 3688 626 3753 hominum
645 3688 719 3754 iure
742 3689 982 3768 haereditario,
1000 3691 1120 3755 eadem
1138 3692 1383 3774 libertateque

331 3787 383 3851 illi
398 3807 597 3852 concessum
612 3796 676 3867 est,
692 3789 936 3873 possidendum
956 3791 1138 3875 relinquat.
1181 3791 1246 3856 Est
1265 3799 1382 3856 autem

332 3907 392 3951 rus
411 3887 496 3951 illud
510 3888 547 3951 in
562 3889 706 3954 australi
720 3897 819 3974 parte
832 3891 961 3954 montis
977 3892 1037 3974 qui
1059 3891 1258 3956 nominatur
1273 3893 1382 3956 Breu-

332 3988 404 4051 dun
415 3989 452 4051 iu
466 3989 781 4072 aquilonari'plaga
795 3990 899 4054 riuuli
913 3991 972 4074 qui
985 3998 1131 4055 uocatur
1146 3991 1287 4070 Carent,
1302 4012 1382 4074 pro-

286 4149 293 4163 ,
332 4088 476 4154 tendens
492 4109 514 4154 a
528 4090 668 4154 flumine
680 4090 742 4155 illo
757 4089 887 4155 Carent
901 4092 1091 4156 ascendens
1105 4091 1272 4174 usquead
1287 4111 1381 4156 surn-

330 4187 486 4254 mitatem
495 4191 623 4256 montis
643 4191 833 4275 supradicti
847 4191 1022 4271 Breodun,
1037 4191 1074 4256 in
1090 4192 1188 4258 euius
1202 4192 1381 4258 cacumine
