3134 5030
334 413 400 481 290
587 429 759 480 ceturae
785 425 1127 477 suonosnxourons.

395 592 434 674 ›1‹
449 590 525 674 Ego
538 587 716 655 aedeluuli
726 607 788 653 rex
801 585 1056 653 cantuariorum
1073 589 1231 652 consensi
1246 594 1282 651 et
1297 587 1375 650 suit.

396 693 435 772 ›1‹
451 691 527 774 Ego
542 690 676 755 uulfred
687 689 801 772 gratia
816 688 871 752 dei
886 690 945 752 ari:
959 688 1053 771 episi
1069 689 1260 770 consensi]
1277 689 1355 752 suit.

397 795 436 874 ›1‹
452 791 528 874 Ego
542 789 710 856 beonmod
725 789 818 872 episi:
836 838 843 853 .
858 789 1017 854 consensi
1032 805 1051 868 Ἰ
1068 789 1143 852 sue.

398 895 437 974 ›1‹
453 891 529 976 Ego
544 891 659 955 alhsta
673 890 765 973 episi
783 935 1138 954 ..............

398 994 438 1075 ›1‹
454 991 529 1076 Ego
544 990 718 1076 cynehard
734 991 792 1053 ari
806 989 883 1054 diac
913 1037 1137 1054 .........

399 1095 438 1174 ›1‹
453 1091 529 1176 Ego
547 1139 873 1158 .............
898 1091 970 1154 dux
996 1137 1138 1155 ......

400 1195 439 1274 ›1‹
454 1191 530 1276 Ego
544 1193 660 1257 dudda
672 1191 744 1256 dux
759 1237 1139 1254 ...............

400 1294 439 1376 ›1‹
454 1292 531 1377 Ego
544 1336 1140 1359 .......................

770 1635 968 1704 ccxxv.

630 1809 898 1891 wuuuuuo,
919 1811 1102 1876 sos-831.
1190 1827 1194 1834 -

401 1985 501 2071 ›1⁴1N
516 1986 653 2052 nomine
668 1985 847 2050 altithroni
864 1987 956 2069 regis
979 1987 1111 2050 aeterni
1163 1986 1240 2068 Ego
1261 1983 1401 2051 uulsred

345 2088 459 2171 gratia
479 2085 514 2151 ti
534 2089 593 2151 arti
613 2086 728 2170 episi.
745 2087 801 2151 De
820 2088 906 2151 meis
921 2086 1118 2151 multifariis
1133 2084 1399 2151 necessitatibus

343 2187 516 2271 frequenti
529 2186 754 2252 meditatione
764 2188 890 2252 mentis
899 2206 996 2252 meae
1011 2188 1179 2270 cogitans.
1212 2186 1400 2270 Quaprop-

346 2296 400 2352 ter
413 2307 477 2371 pro
490 2288 640 2353 remedio
654 2295 689 2352 et
702 2287 816 2353 salute
830 2289 966 2353 animae
985 2307 1082 2352 meae
1103 2307 1200 2372 speq:
1224 2295 1260 2352 et
1282 2307 1401 2353 umore

347 2387 472 2453 suturae
496 2387 661 2471 aeterniq:
687 2389 973 2453 remunerationis
994 2389 1164 2452 incaelis
1187 2389 1249 2452 illa
1270 2388 1402 2453 deuota

346 2487 478 2552 familie
502 2508 591 2572 quae
617 2487 662 2554 do
691 2490 920 2572 omnipotenti
948 2488 1119 2554 seruitura
1148 2489 1265 2552 estin
1297 2488 1400 2554 doro-

347 2589 467 2652 uernie
492 2589 645 2653 ciuitate.
670 2588 822 2672 aliquam
854 2597 988 2672 partem
1011 2608 1108 2654 meae
1130 2589 1279 2672 propriae
1301 2588 1402 2654 here-

346 2689 481 2754 ditariae
503 2697 616 2754 terrae
642 2688 706 2753 hoo
728 2705 745 2754 s
770 2705 836 2752 1111.
861 2697 1054 2754 aratrorum
1083 2690 1176 2773 quod
1205 2691 1249 2754 ab
1276 2689 1402 2754 incolis

292 2861 295 2866 ,
347 2796 438 2853 terre
459 2787 552 2868 iilius
574 2788 773 2853 nominatur
795 2796 842 2853 eet
863 2789 1095 2855 sceldesforda
1116 2809 1193 2854 curn
1215 2791 1277 2854 illa
1298 2799 1402 2873 prata

348 2890 534 2972 quaemihi
553 2890 596 2954 ab
620 2888 739 2954 eadem
762 2889 893 2954 familia
913 2897 996 2954 ante
1018 2891 1148 2955 tradita
1169 2891 1283 2955 fuerat
1304 2890 1402 2964 hoe÷

350 3037 358 3053 .
377 3003 475 3054 xxx.
498 2991 656 3072 iugerum
678 2996 759 3071 post
779 2990 911 3054 obitum
933 3009 1047 3054 meum
1069 2991 1162 3055 dabo
1189 2999 1224 3057 et
1248 2992 1401 3056 concedo

348 3090 486 3154 siuimet
522 3090 607 3172 ipsis
643 3089 840 3154 habendum
878 3089 1057 3173 feliciterq:
1092 3091 1335 3175 perfruendum
1364 3092 1401 3154 in

347 3190 523 3272 propriam
555 3189 807 3273 possessionem
836 3191 1019 3274 posterisqz
1047 3191 1120 3255 suis
1150 3211 1284 3274 semper
1302 3192 1401 3256 dere-

348 3289 572 3372 linquendum
593 3291 654 3373 qui
676 3308 753 3353 cum
776 3292 890 3372 gratia
912 3289 947 3355 ti
963 3292 1007 3356 ad
1029 3293 1173 3356 eandem
1195 3292 1400 3357 famulatum

348 3389 457 3454 futuri
490 3397 582 3453 sunt.
611 3396 646 3453 et
679 3409 866 3473 numquam
903 3391 978 3454 haec
1014 3411 1092 3456 mea
1126 3392 1268 3458 donatio
1297 3393 1401 3456 huius

349 3497 450 3555 terrae
474 3491 518 3555 ab
539 3489 609 3554 ista
630 3490 796 3572 praediota
820 3491 953 3556 familia
977 3491 1136 3557 tradatur
1160 3513 1223 3558 neo
1245 3512 1309 3575 pro
1329 3494 1402 3558 alia

348 3597 580 3656 commutatur
600 3609 664 3654 nec
683 3591 830 3673 pecunia
852 3591 1081 3657 uenumdatur.
1127 3593 1194 3658 Sed
1212 3613 1347 3676 semper
1364 3595 1400 3658 in

348 3690 489 3773 posterii
523 3691 568 3755 ad
603 3690 843 3756 necessitatem
877 3692 977 3756 istius
1010 3693 1289 3776 congregationis
1320 3713 1400 3757 oum

349 3790 508 3855 omnibus
522 3790 595 3854 usis
618 3791 691 3854 eius
713 3791 750 3855 in
772 3792 912 3875 propria
934 3793 1151 3875 possessione
1173 3802 1400 3877 permaneat.

348 3889 403 3953 his
432 3890 524 3955 notis
552 3891 754 3957 terminibus
787 3892 1117 3958 circumiacentibus.
1186 3895 1230 3959 In
1266 3895 1402 3959 oriente

350 3997 443 4056 terra
470 3991 562 4074 regis
590 4011 679 4075 quae
707 3993 857 4076 pertinet
887 3994 930 4057 ad
958 4002 1116 4102 eastrpge
1143 4043 1148 4056 .
1171 3995 1207 4060 in
1236 3996 1401 4060 meridies

348 4092 550 4174 osberhting
574 4092 667 4157 lond.
694 4094 817 4158 iterum
846 4094 882 4157 in
911 4094 1063 4158 meridiae
1094 4103 1129 4160 ot
1156 4095 1192 4159 in
1222 4095 1402 4162 occidente

348 4197 440 4256 terra
469 4212 547 4276 quae
569 4194 719 4276 pertinet
750 4194 794 4260 ad
820 4192 1032 4278 uuiginogga
1056 4194 1149 4260 ham.
1175 4197 1212 4261 in
1237 4195 1403 4280 aquilone
