3112 5032
322 417 388 482 182
578 429 751 478 cataras
774 427 1116 476 Aucnosaxoulcau.

326 598 411 667 steS,
434 587 487 651 his
501 588 603 651 rebus
619 586 785 650 consensi.
844 585 883 665 ›1‹
901 585 977 666 Ego
1001 579 1214 647 Aldberhtus
1241 580 1381 644 domino

328 691 501 756 tribuente
517 687 703 752 aecclesiae
720 685 905 768 pontificus
919 684 973 749 his
986 682 1085 747 donis
1108 681 1278 746 consensi.
1336 683 1376 762 ›1‹

327 791 472 872 Signum
496 807 618 852 manus
642 787 810 852 Botuuini
840 785 983 849 abbatis.
1031 784 1070 864 ›1‹
1085 782 1230 864 Signum
1256 799 1380 844 manus

329 888 527 954 Folcberhti
542 888 686 952 abbatis.

378 997 574 1084 Heresbllow
588 998 766 1061 bouudmies
781 999 814 1058 ia
826 995 936 1059 saxon.

811 1323 905 1389 CLI.

739 1498 883 1578 OFFA,
901 1499 976 1564 787.

367 1673 575 1738 Rucuaurn
590 1671 830 1756 inperpetuum
845 1672 983 1736 domino
995 1679 1114 1738 nostro
1130 1672 1235 1737 Ihesu
1245 1671 1387 1738 Christo

332 1779 368 1838 et
392 1773 566 1837 saluatore
589 1773 677 1836 deo!
714 1770 850 1836 Cuncta
874 1792 964 1856 quae
991 1774 1153 1837 uidentur
1181 1773 1389 1856 temporalia

332 1891 408 1937 esse
423 1880 459 1938 et
474 1892 563 1956 quae
578 1891 648 1936 non
661 1872 822 1937 uidentur
842 1881 982 1938 aeterna
995 1873 1069 1937 fieri
1090 1893 1210 1937 uerum
1227 1880 1386 1953 constat3

331 1993 409 2038 cum
423 1973 489 2038 hiis
505 1973 713 2037 transitoriis
728 1980 870 2038 aeterna
881 1975 1027 2038 mercari
1040 1992 1142 2057 posse
1153 1993 1198 2036 cx
1209 1992 1387 2037 sacrorum

331 2074 545 2137 uoluminum
560 2073 765 2137 testimoniis
781 2081 913 2138 certum
928 2080 1093 2138 tenemus.
1147 2073 1300 2157 Ideoque
1320 2079 1388 2156 ego

334 2173 424 2251 Offa,
438 2173 497 2257 pia
512 2173 567 2236 dei
582 2173 861 2257 praedestinante
875 2175 989 2256 gratia
1002 2194 1065 2237 rex
1078 2173 1293 2238 Mercionum
1305 2193 1388 2238 nec·

334 2295 404 2339 non
418 2282 453 2339 et
467 2275 504 2337 in
520 2273 666 2338 circuitu
684 2273 876 2352 nationum,
891 2274 1044 2356 cogitaui
1065 2274 1101 2336 in
1123 2274 1224 2338 corde
1246 2293 1323 2338 meo
1346 2280 1387 2338 ut

333 2374 464 2458 aliquid
493 2393 538 2437 ex
567 2375 786 2456 perceptione
810 2374 976 2437 mundani
1005 2373 1103 2456 regni
1126 2373 1170 2436 ad
1191 2374 1387 2438 libertatem

333 2474 634 2551 aecclesiasticam,
646 2493 709 2555 pro
723 2475 897 2556 ereptione
912 2481 948 2538 et
961 2474 1111 2538 remedio
1126 2474 1262 2538 animae
1274 2493 1386 2552 meae,

332 2575 479 2638 libenter
493 2592 679 2655 erogarem.
731 2573 893 2652 Proinde,
908 2582 1053 2656 rogante
1066 2581 1101 2639 et
1115 2575 1316 2638 obsecrante
1330 2593 1387 2638 me

333 2674 531 2738 ueneranda
545 2673 759 2757 Cynedritha
772 2674 892 2756 regina
900 2693 989 2753 mea,
1005 2674 1180 2739 Geolnodo
1194 2674 1388 2738 honorabili

334 2775 453 2838 abbati
478 2781 513 2838 et
536 2775 609 2838 eius
632 2773 782 2837 familiae
804 2776 993 2839 uenerabili
1013 2775 1051 2838 in
1076 2775 1244 2839 aecclesia
1268 2773 1389 2838 Sancti

336 2873 434 2938 Petri
455 2874 690 2956 apostolorum
711 2874 875 2957 principis
897 2886 932 2943 et
951 2875 1164 2939 clauicularii
1186 2872 1284 2956 regni
1308 2893 1390 2938 coe·

337 2974 435 3038 lestis
450 2973 738 3037 monasterialitcr
752 2975 983 3053 conuersanti,
996 2975 1033 3038 iu
1047 2973 1205 3059 praefata
1220 2973 1392 3039 aecclesia

337 3074 402 3138 deo
424 3073 599 3151 seruienti,
622 3094 685 3156 pro
704 3093 758 3138 me
773 3082 808 3138 et
822 3095 885 3158 pro
902 3075 1113 3160 Cynedritha
1127 3074 1248 3156 regina
1260 3093 1339 3138 mea
1353 3082 1391 3138 et

336 3193 399 3256 pro
414 3173 578 3254 Ecgfrido
592 3174 663 3238 filio
683 3169 768 3239 meo¹
778 3181 813 3238 et
826 3176 962 3240 filiabus
976 3175 1061 3239 meis
1076 3172 1313 3256 Aethelburge
1325 3176 1389 3238 ab·

335 3274 487 3336 batissae
509 3280 544 3337 et
569 3271 785 3338 Aethelflede
809 3282 844 3339 et
869 3275 1053 3357 Eadburge
1073 3282 1108 3340 ct
1122 3272 1390 3340 Aethelsuuithe

335 3372 400 3438 hoc
413 3372 631 3456 priuilegium
643 3375 825 3453 libertatis
846 3375 967 3440 libenti
989 3376 1116 3453 animo,
1130 3375 1186 3440 dei
1198 3375 1386 3440 instinctus

337 3494 465 3552 amore,
474 3473 571 3556 regia
585 3493 667 3538 usus
682 3482 868 3558 potestate,
883 3494 1002 3540 omnes
1016 3483 1126 3540 terras
1141 3483 1176 3541 ct
1191 3495 1310 3540 omnes
1321 3476 1389 3539 uil-

336 3575 426 3640 lulas
440 3580 475 3638 et
489 3573 736 3656 possessiones,
745 3593 833 3657 quas
848 3576 1052 3658 subregulus
1070 3575 1338 3641 Fritheuualdus
1353 3583 1390 3642 et

337 3676 445 3738 abbas
459 3674 719 3738 Ercenuualdus
739 3675 841 3757 primi
854 3675 1055 3741 fundatores
1075 3676 1232 3760 praefato
1248 3695 1389 3740 monas-

338 3775 426 3839 terio
440 3775 608 3839 dederunt
624 3781 658 3838 et
680 3784 935 3855 concesserunt,
950 3797 1016 3859 ego
1029 3776 1206 3859 praefatus
1224 3795 1288 3840 rex
1306 3796 1390 3840 cou-

337 3875 421 3939 cedo
437 3881 472 3937 et
482 3874 668 3954 coufirmo;
687 3875 818 3939 scilicet
831 3877 867 3939 in
881 3877 1039 3942 omnibus
1052 3877 1389 3954 monasteriunculiS,

337 3974 450 4052 terris,
466 3975 609 4058 campis,
631 3975 739 4054 siluis,
759 3977 908 4058 pascuis,
924 3977 1045 4060 pratiS,
1062 3978 1174 4059 aquiS,
1196 3978 1331 4059 stagnis
1353 3982 1390 4040 et

335 4076 464 4140 riuulis.
505 4075 609 4141 Hanc
631 4076 824 4140 libertatem
840 4085 875 4142 et
890 4078 1006 4143 omnia
1024 4077 1202 4160 praedicta
1225 4078 1268 4142 ad
1284 4096 1387 4160 prae-

337 4175 446 4246 fatum
463 4163 708 4241 monasterium
719 4177 938 4260 pertinentia,
951 4180 987 4244 iu
1003 4178 1150 4244 sinodali
1164 4186 1337 4243 conuentu
1352 4177 1390 4241 in
