3188 5032
355 525 357 530 ¹
477 467 654 515 onsurae
680 467 1017 520 sunuossxourcuu.
1208 463 1273 527 133

213 645 335 688 corum
351 644 516 708 pascuam
532 633 636 709 atque
649 627 917 710 pastinationem
930 633 966 695 in
983 633 1073 698 saltu
1084 631 1270 701 Andoredo

174 805 177 810 Ι
215 725 343 806 iugiter
376 725 530 792 haberet.
591 726 697 791 Hanc
726 736 841 793 autem
868 736 1168 801 commutationem
1202 758 1268 819 ego

217 823 461 891 Aethelbertus
475 847 537 891 rex
547 825 705 905 Cautiae,
716 836 755 892 ut
769 837 846 894 rata
858 831 894 895 in
908 842 1112 916 perpetuum
1127 836 1267 916 existat,

215 925 314 1006 signo
336 926 527 1016 dominicae
548 929 660 991 crucis
677 929 840 994 roborare
856 935 989 1012 curaui,
1005 941 1041 999 et
1062 943 1168 1000 testes
1187 938 1267 1002 reli·

214 1025 331 1106 giosos
351 1034 390 1091 ut
405 1027 440 1090 id
454 1029 567 1110 ipsum
590 1027 743 1093 facerent
765 1030 917 1096 adhibui.
964 1032 1092 1099 Actum
1118 1037 1153 1099 in
1180 1037 1264 1101 ciui-

213 1131 286 1191 tate
301 1127 526 1206 Dorouernis,
542 1143 634 1192 annu
651 1130 695 1192 ab
709 1116 947 1197 incarnatione
957 1133 1085 1198 domini
1101 1153 1263 1202 nccnxu.

209 1263 213 1270 -
267 1226 307 1307 ᾖ
324 1226 400 1308 Ego
410 1225 655 1292 Aethelbertus
669 1249 744 1308 rex,
753 1236 793 1294 ut
806 1233 964 1313 praefata
973 1238 1195 1301 commutatio
1210 1245 1263 1302 at-

211 1333 279 1408 que
293 1327 434 1392 donatio
449 1328 547 1392 firma
561 1335 727 1411 perpetuo
736 1331 878 1410 existat,
887 1335 925 1397 in
941 1334 1078 1399 nomine
1088 1335 1142 1400 dei
1153 1338 1263 1401 omni-

210 1428 362 1508 potentis
376 1429 569 1512 quibusque
589 1429 768 1512 dignitatis
786 1451 827 1495 ac
847 1433 1053 1498 conditionis
1068 1434 1263 1501 hominibus

210 1528 385 1610 praecipio
408 1535 444 1593 et
467 1549 529 1613 per
551 1548 687 1594 crucem
713 1530 904 1597 dominicae
932 1535 1103 1616 passionis
1128 1537 1262 1615 adiuro,

209 1629 307 1690 euius
329 1629 467 1712 signum
490 1629 533 1694 ad
558 1629 731 1694 cumulum
754 1631 926 1697 firmitatis
950 1635 986 1697 in
1011 1634 1076 1699 hac
1095 1638 1261 1719 paginula

207 1725 383 1810 descripsi.
439 1730 479 1811 ᾖ
496 1727 572 1812 Ego
591 1731 834 1812 Bregouuinus
851 1732 1141 1819 archiepiscopus,
1162 1739 1260 1801 testis

97 1887 104 1898 ,
207 1830 436 1907 consentiens,
463 1831 627 1895 canonice
656 1833 855 1916 subscripsi.
914 1834 953 1915 ›1‹
971 1834 1048 1919 Ego
1070 1834 1259 1902 Aldbertus

205 1926 400 2009 praefectus
414 1929 613 2014 subscripsi.

676 2226 782 2292 clx,
852 2229 855 2234 ’

512 2337 934 2458 υῦΝυυΕΑιυ,762.

253 2523 348 2601 »ΗΝ
364 2529 502 2594 nomine
513 2528 642 2592 domini
652 2529 761 2592 nostri
770 2527 877 2593 Ihesn
889 2528 1038 2593 Christi!
1065 2529 1253 2613 Egoliuu·

201 2630 306 2694 uuald
321 2631 489 2707 minister,
502 2629 584 2694 dum
600 2628 790 2706 aduiueret‚
804 2629 944 2693 inclitae
963 2631 1148 2694 memoriae
1162 2626 1254 2713 regis

201 2724 428 2808 Aethelberti,
444 2750 535 2794 nunc
549 2749 633 2793 uero
646 2729 827 2812 pecuniam
843 2728 935 2794 illius
950 2749 1013 2812 pro
1028 2730 1162 2794 animae
1177 2730 1253 2795 eius

200 2830 314 2895 salute
335 2831 379 2894 ad
404 2831 525 2897 limina
551 2828 787 2913 apostolorum
812 2828 947 2894 Romae
972 2833 1050 2892 crim
1076 2830 1153 2894 aliis
1174 2851 1253 2914 per-

199 2928 288 2994 serre
310 2931 521 3008 desiderans,
543 2929 663 2994 uillam
685 2948 790 2993 unam
810 2938 892 3013 post
911 2929 1041 2995 obitum
1065 2950 1191 3008 meum,
1216 2933 1252 2995 ni

198 3028 344 3096 forsitan
371 3029 437 3095 hoc
460 3031 556 3115 prius
582 3049 637 3094 me
665 3030 806 3094 uiuente
840 3031 979 3113 placeat
1005 3031 1251 3114 peragendum,

199 3147 288 3212 quae
314 3132 383 3196 iam
407 3131 450 3195 ad
478 3130 722 3211 Quenegatum
754 3131 850 3193 urbis
876 3131 1089 3194 Dorouernis
1112 3131 1149 3194 in
1174 3131 1251 3196 foro

197 3231 313 3312 posita
335 3238 400 3309 est,
420 3250 524 3313 quarn
539 3249 630 3294 nunc
646 3230 867 3312 Hringuuine
886 3237 1004 3310 teuet3
1032 3250 1135 3313 quam
1159 3232 1249 3295 idem

198 3329 281 3395 mihi
293 3331 472 3414 praefatus
486 3350 547 3394 rex
564 3349 641 3394 cum
665 3330 742 3394 aliis
759 3330 899 3394 terrulis
921 3331 996 3393 iure
1016 3331 1155 3414 proprio
1171 3351 1249 3394 cum

197 3431 327 3496 tributo
346 3431 440 3495 illius
457 3429 711 3514 possidendam,
730 3439 765 3495 et
783 3431 974 3511 unicunque
988 3431 1158 3494 noluerim
1176 3436 1250 3494 tra·

197 3528 355 3611 dandam,
396 3529 625 3610 condonabit3
663 3530 753 3593 hanc
785 3529 946 3620 uidelicet
972 3527 1017 3591 ad
1046 3527 1248 3594 aecclesiam

196 3649 303 3713 prope
317 3632 466 3714 positam
481 3630 573 3696 beati
588 3628 686 3695 Petri
700 3636 734 3693 et
751 3628 866 3706 Pauli,
891 3629 951 3693 ubi
973 3629 1105 3694 seilicet
1123 3647 1249 3713 corpus

195 3731 347 3795 eiusdem
374 3731 503 3796 domini
526 3731 593 3794 mei
617 3730 709 3812 regis
733 3729 948 3795 Acthelberti
965 3728 1162 3810 requiescit,
1184 3751 1250 3814 pro
1288 3779 1292 3788 ,

195 3831 331 3895 animae
356 3832 450 3896 iliius
478 3837 514 3896 et
541 3829 653 3894 salute
676 3849 765 3908 mea,
794 3836 935 3893 aeterna
957 3829 1143 3894 donatione
1169 3849 1248 3894 cum

194 3932 325 3996 tributo
352 3932 446 3996 illius
471 3929 679 4016 possidenda
700 3931 873 4010 attribu0;
905 3937 940 3994 et
968 3936 1008 3992 ut
1033 3929 1131 3993 nulla
1156 3938 1249 3996 essct

31 4064 68 4110 ··;
193 4033 418 4114 imposterum
446 4032 490 4096 dc
518 4031 584 4094 hac
615 4031 803 4108 contentio,
829 4028 894 4093 hoe
923 4030 1037 4111 ipsum
1065 4028 1101 4092 in
1130 4027 1247 4094 libello

58 4169 71 4225 Ι;
193 4133 324 4216 primae
348 4132 545 4196 donationis
567 4149 664 4195 meae
679 4129 872 4194 faciendum
886 4128 1062 4210 descripsi.
1109 4127 1155 4193 Et
1167 4128 1247 4195 ideo

23 4284 27 4296 .
63 4269 72 4308 ·,·
193 4253 286 4298 nunc
315 4253 394 4298 cum
421 4251 590 4298 consensu
617 4230 825 4296 uenerabilis
855 4228 1104 4313 archiepiscopi
1136 4231 1247 4294 nostri
