3172 5030
502 405 674 454 culnrnn
697 406 1038 458 iuonosnxorucnn.
1252 398 1296 462 23

238 557 343 622 tionis
370 559 611 626 offendiculum
640 563 853 642 horrescens,
878 571 913 629 et
938 567 974 630 in
1004 569 1182 634 tremendo
1208 591 1293 635 exa·

238 659 329 722 mine
351 659 493 726 ultimae
506 664 729 730 discussionis
745 665 937 732 districtam
958 667 1292 736 animaduersionem

238 760 472 839 pertimescat.

704 910 826 920 ——

686 1054 842 1120 XVIII.

331 1201 351 1246 *
377 1200 756 1268 CAEDUUEALHA
780 1203 845 1268 OF
867 1201 1087 1283 WESSEX,
1109 1205 1186 1271 680.

289 1370 327 1450 ›1‹
357 1369 402 1434 Iu
427 1371 564 1458 nomine
585 1369 770 1436 saluatoris
793 1369 844 1432 nii
869 1367 929 1432 iliu
948 1367 1019 1456 xpi.
1073 1370 1171 1434 Nihil
1192 1371 1285 1436 intu-

232 1469 334 1532 limus
354 1470 390 1532 in
412 1469 503 1534 hunc
522 1470 688 1534 mundum
715 1488 835 1534 uerum
861 1489 924 1533 nec
946 1469 1080 1534 auferre
1102 1471 1185 1553 quid
1207 1481 1285 1555 pot-

233 1568 371 1633 erimus.
418 1569 553 1635 Idcirco
568 1570 713 1634 terrenis
726 1577 761 1634 et
777 1569 915 1634 caducis
931 1577 1063 1634 aeterna
1077 1577 1113 1634 et
1127 1572 1285 1638 coelestia

231 1687 391 1751 supernae
413 1671 536 1755 patriae
563 1670 694 1754 premia
717 1670 901 1736 mercanda
923 1678 1015 1735 sunt.
1063 1669 1284 1756 Quapropter

231 1788 296 1851 ego
313 1770 491 1836 Caedualla
511 1772 716 1855 disponente
730 1771 797 1835 dim
812 1790 876 1835 rex
890 1779 1034 1853 rogatus
1050 1790 1072 1835 a
1086 1774 1283 1839 uenerando

230 1871 392 1936 uuilfrido
422 1874 595 1956 aepiscopo
622 1879 662 1937 ut
697 1873 763 1936 sibi
790 1872 1041 1955 aliquantulam
1075 1878 1202 1937 terram
1235 1875 1280 1939 ad

228 1970 430 2054 suffragium
442 1975 525 2038 uitae
540 1993 613 2038 suae
628 1974 766 2056 simque
780 1991 919 2036 suorum
933 1973 993 2055 qui
1006 1991 1121 2036 secum
1138 1994 1281 2039 conuer-

229 2079 389 2136 sarentur
412 2077 457 2137 et'
481 2075 518 2138 in
545 2075 663 2139 diuino
691 2073 833 2138 seruitio
862 2074 963 2137 huius
992 2073 1280 2156 peregrinationis

229 2170 297 2252 quii
322 2174 377 2236 uir
399 2174 616 2238 uenerandus
646 2174 775 2238 diutius
805 2174 940 2257 peregit
969 2193 1032 2255 pro
1063 2173 1279 2240 relaxatione

226 2272 373 2336 criminri
401 2281 436 2339 et
465 2275 623 2357 perpetui
650 2274 770 2357 premii
806 2273 1024 2356 receptaculo
1053 2272 1172 2356 largiri
1200 2276 1277 2358 dig-
1322 2347 1324 2351 ⁸

228 2389 349 2436 narer.
372 2375 469 2436 cuius
483 2374 642 2456 precibus
662 2391 817 2436 annuens
838 2380 1010 2436 terrenam
1026 2372 1092 2436 sibi
1111 2377 1279 2457 possessi·

228 2470 390 2535 unculam
403 2472 445 2536 de
460 2493 530 2556 qua
544 2491 705 2554 sugerere
719 2472 901 2535 uidebatur
915 2491 977 2554 pro
992 2474 1142 2539 remedio
1153 2474 1277 2540 animae

228 2589 314 2634 meae
338 2573 484 2637 libenter
506 2573 669 2655 inpendi.
698 2579 735 2635 et
755 2571 845 2635 hanc
868 2572 1028 2637 libertate
1051 2575 1116 2637 sub
1138 2575 1278 2638 estima-

227 2671 340 2736 tione.
358 2689 449 2738 Lxx.
472 2673 731 2737 tributariorum
751 2674 949 2736 taxauImus
971 2672 1008 2735 in
1031 2671 1091 2736 illo
1118 2673 1194 2738 loco
1218 2676 1277 2757 qni

226 2771 351 2837 dicitur
372 2773 586 2856 pecganham
608 2773 754 2856 aliisque
778 2773 864 2838 locis
888 2773 1155 2857 circumquaque
1179 2775 1275 2840 adia-

225 2875 381 2938 centibus
406 2874 472 2939 hoc
493 2881 547 2940 est
569 2875 794 2957 scrippaneg.
823 2875 1024 2939 ceorlatun.
1053 2874 1275 2957 bucganora.

224 2975 473 3056 beorganstede
489 3023 497 3039 .
521 2975 873 3056 northbeorganstede
887 3023 895 3038 .
910 2973 1124 3057 crymesham
1139 2994 1177 3041 se
1192 2996 1272 3040 nor·

225 3072 304 3138 thra
325 3075 580 3162 mundanham.
604 3075 703 3140 other
724 3074 978 3140 mundanham.
1004 3083 1040 3140 et
1062 3075 1136 3140 haec
1158 3077 1275 3144 omnia

224 3176 413 3240 uenerabili
433 3177 509 3240 uiro
528 3175 689 3240 uuilfrido
709 3195 787 3238 cum
806 3195 976 3240 consensu
995 3183 1030 3241 et
1052 3177 1179 3241 deuota
1190 3197 1272 3242 con-

223 3273 416 3340 firmatione
439 3277 598 3358 ecgualdi
626 3276 802 3358 subreguli
829 3277 865 3339 in
887 3282 1095 3358 potestatem
1123 3277 1271 3359 propriae

223 3374 466 3441 dominationis
480 3397 543 3460 pro
557 3396 629 3440 suae
644 3376 759 3440 nimiae
782 3375 916 3440 siitatis
939 3376 1202 3440 conuersatione
1214 3424 1223 3439 .
1234 3385 1270 3441 et

223 3475 359 3540 niorum
374 3485 594 3560 peccatorum
606 3476 822 3540 relaxatione
836 3475 1022 3556 redigimus
1035 3522 1043 3537 .
1054 3475 1195 3558 insuper
1210 3476 1271 3538 ad-

221 3574 368 3640 didimus
391 3577 500 3641 ffibns
523 3578 594 3640 suis
615 3575 660 3641 do
688 3576 916 3639 seruientibus
939 3575 983 3638 ad
1006 3573 1197 3639 aecclesiam
1221 3576 1271 3639 sdi

222 3676 360 3742 andreae
382 3697 487 3760 super
505 3679 615 3760 ripam
629 3676 780 3760 positum
802 3675 968 3739 orientali
990 3681 1111 3756 portus
1137 3676 1196 3757 qui
1218 3675 1268 3737 di-

222 3776 312 3840 citnr
337 3777 628 3860 nedriugmutha.
657 3771 747 3840 Iram
775 3796 853 3858 quae
879 3775 1196 3855 diciturtangmere
1209 3822 1217 3837 .
1232 3795 1269 3840 x.

220 3877 479 3942 tributariorum
496 3927 503 3942 .
520 3885 560 3942 ut
589 3877 638 3941 eis
662 3876 826 3959 quamdiu
850 3877 934 3939 fides
957 3873 1127 3940 catholica
1148 3884 1270 3957 regnet

220 3976 301 4042 hinc
315 3980 510 4043 necessaria
524 3977 711 4061 corporalis
733 3995 818 4040 usus
841 3975 1035 4059 specialiter
1048 3975 1268 4056 prebeantur.

222 4077 259 4141 Si
287 4079 364 4160 quis
391 4099 474 4144 nero
496 4079 588 4162 quod
610 4078 701 4142 absit
725 4084 846 4141 contra
870 4077 945 4140 haec
966 4076 1105 4139 decreta
1126 4076 1269 4140 firmiter

220 4185 353 4243 statuta
377 4182 548 4245 contraire
569 4187 605 4243 et
627 4199 668 4242 ea
690 4178 824 4242 soluere
846 4185 991 4243 conatus
1006 4175 1110 4240 fuerit
1133 4178 1269 4243 nouerit
