3188 5032
493 435 665 484 cunnrnn
687 433 1032 487 Auenosnxonrcrn.
1247 421 1290 484 93

287 589 433 679 [Acttlm
464 595 533 676 est]
565 594 620 658 die
648 593 812 658 uicesima
836 592 1000 658 februarii
1030 594 1174 658 mensis.
1198 614 1290 660 enno

235 697 335 779 regni
365 695 475 760 nostri
505 695 663 778 septimo,
726 693 939 776 Indic[tione
982 693 1122 776 q]uinta
1159 695 1291 759 decime

237 795 454 867 dorouerni!

289 896 367 979 [Et]
391 895 533 977 insuper
554 913 620 976 ego
642 893 891 959 aethilberhtus
913 914 976 958 rex
998 894 1114 960 addidi
1132 894 1210 958 huic
1230 895 1292 960 do-¹

238 995 371 1061 nationi
397 1014 502 1077 quam
526 1013 553 1078 p
579 993 729 1058 remedio
751 995 886 1060 animae
911 1014 1008 1059 meae
1031 995 1110 1059 dedi
1134 996 1172 1059 in
1199 997 1292 1060 omni

240 1117 331 1161 enno
362 1097 539 1159 centum¹¹
555 1093 712 1177 plaustra
733 1102 860 1160 onusta
881 1096 924 1160 de
944 1095 1049 1177 lignis
1074 1094 1119 1158 ed
1142 1114 1292 1177 coquen÷

241 1197 322 1260 dum
339 1195 402 1258 sel.
454 1195 545 1259 Item
567 1194 646 1258 dedi
671 1195 735 1277 e[i]
760 1203 898 1259 centum
919 1197 1041 1277 iugera
1061 1194 1212 1258 eiusdem
1234 1215 1293 1259 ru,

243 1297 308 1360 ris,
328 1295 365 1358 in
390 1294 467 1358 loco
490 1295 550 1377 qui
573 1294 714 1359 dicitur.
731 1296 898 1360 sandtun.
914 1296 1052 1360 termini
1070 1314 1153 1360 uero
1180 1302 1294 1360 terrae

242 1397 334 1461 illius
349 1395 413 1458 hec
428 1402 529 1459 sunt.
546 1396 589 1459 ab
603 1395 736 1459 oriente
747 1403 840 1460 terra
854 1396 962 1478 regiS.
975 1396 1019 1458 ab
1033 1401 1152 1459 austro
1168 1395 1294 1459 fluuius

243 1497 302 1578 qui
324 1495 450 1559 dicitur
473 1495 659 1560 limenaee.
684 1497 729 1560 ab
751 1496 928 1560 occidente
950 1496 1038 1560 etin
1061 1496 1295 1578 septentrione

243 1596 360 1661 budan
375 1595 469 1661 fleot.

299 1699 339 1779 ιχ(
365 1696 503 1777 signum
522 1697 602 1760 siae
617 1697 728 1763 crucis
750 1695 797 1780 qd
811 1696 950 1779 scripsit
967 1694 1216 1761 aethilberhtus
1232 1716 1296 1760 rex

241 1804 316 1879 atq:
333 1796 491 1862 donator.

300 1897 340 1977 *1⁴
367 1896 445 1979 Ego
475 1897 655 1961 tatuuinus
685 1895 779 1978 episi
808 1895 852 1959 ed
881 1895 1048 1980 petitione
1079 1895 1298 1961 aethilberbti

245 1997 336 2079 regis
351 1997 549 2079 subscripsi.

301 2098 341 2178 ᾧ
364 2096 446 2179 ΙΕςο
463 2097 599 2160 albinus
620 2097 728 2161 abbas
747 2095 886 2160 iubente
902 2096 1055 2178 piissimo
1077 2116 1158 2180 rege
1175 2094 1298 2161 aethil-

245 2196 368 2260 berhto
383 2197 581 2279 subscripsi.

303 2299 341 2380 ›1‹
369 2297 506 2378 signum
529 2315 650 2360 munus
672 2295 921 2360 baltbheeurdi.

232 2482 238 2486 .
304 2398 342 2479 ›1‹
370 2397 507 2479 signum
529 2416 652 2460 munus
674 2397 827 2479 bynnan.

304 2495 342 2579 ›1‹
370 2497 508 2580 signum
530 2512 653 2561 manus
677 2494 888 2560 ceonberbti.

304 2597 342 2678 ›1‹
370 2597 508 2679 signum
530 2614 652 2660 manus
675 2595 923 2660 aethilineardi.

660 2896 891 2962 nxxvur.

403 3000 729 3114 Annnrnrmnn
755 3045 820 3110 on
843 3043 1052 3124 nuncin,
1073 3047 1150 3112 734.

309 3202 347 3283 ›1‹
374 3199 420 3265 Iu
434 3201 572 3265 nomine
586 3199 644 3262 diri
658 3196 694 3262 di
708 3197 893 3261 saluatoris
906 3195 977 3259 nii.
992 3193 1069 3259 illu.
1085 3192 1157 3282 xpi.
1208 3194 1246 3259 si
1262 3216 1303 3260 eu

253 3321 342 3384 quae
363 3301 476 3382 quisq:
501 3319 528 3384 p
545 3298 777 3383 recipiendae
791 3297 834 3360 dii
848 3295 1004 3360 mercede
1018 3295 1180 3359 hominib:
1197 3287 1305 3360 uerbo

253 3420 316 3469 suo
339 3401 486 3483 largitur
499 3407 535 3464 et
550 3400 657 3465 donat
670 3398 810 3462 stabilia
826 3397 953 3479 iugiter
971 3395 1166 3478 potuissent
1179 3395 1304 3460 durare

253 3500 474 3596 supuucanefi
490 3500 671 3564 uideretur
683 3506 724 3563 ut
736 3497 860 3562 litteris
882 3502 1107 3561 narrarentur
1128 3513 1169 3558 ac
1188 3495 1304 3574 firma-

254 3609 384 3666 rentur.
435 3600 503 3664 Sed
520 3601 601 3665 dum
616 3599 660 3664 ad
674 3597 815 3684 pbenda
829 3596 983 3661 donata.
1009 3643 1016 3659 .
1044 3642 1052 3659 .
1078 3642 1086 3658 .
1108 3642 1116 3658 .
1137 3595 1304 3670 .ccnuin-

244 3702 400 3783 cendfiq:
418 3689 600 3765 uolentem
610 3699 798 3779 infringere
809 3696 903 3760 „nihil
918 3713 1059 3779 prorsus
1074 3695 1248 3758 robustius
1265 3698 1304 3759 ὃὸ

255 3802 430 3866 uideretur
459 3820 564 3882 quam
594 3797 791 3865 donationis
817 3797 932 3860 manib
958 3796 1103 3860 auctorit
1129 3813 1171 3858 ae
1200 3795 1304 3858 testiii

249 3904 416 3967 roborate
444 3921 515 3964 non
540 3900 700 3964 inmerito
727 3896 866 3981 plurimi
891 3902 1032 3980 petunt.
1056 3901 1111 3958 ut.
1138 3912 1226 3976 quae
1245 3895 1304 3960 eis

245 4003 396 4068 conlato
417 4000 644 4064 dinoscuntur
659 3997 868 4082 paginaliter
885 3995 1145 4060 confirmentur.
1160 4012 1306 4075 quorum

245 4101 515 4186 postulationib:
543 4107 642 4166 tanto
655 4097 827 4163 libentius
849 4103 983 4178 tantoq:
1008 4093 1306 4176 promptiuscon-

245 4222 378 4269 sensus
392 4199 546 4291 {ibendus
560 4206 693 4284 quanto
715 4205 752 4262 et
766 4197 834 4262 illis
848 4215 937 4280 quae
958 4192 1116 4284 petitores
1139 4188 1172 4258 si
1189 4195 1307 4260 utilior
