3112 5032
445 434 618 483 curares
640 434 983 484 nscnosnxouronn.
1171 421 1237 486 153

179 592 297 658 fratris
313 593 381 657 mei
395 592 506 676 [feci],
522 593 675 658 minuere
689 596 923 677 temptauerit,
935 601 1042 678 ponet
1052 594 1136 658 deus
1150 613 1232 678 par-

183 701 252 757 tem
275 694 349 757 eius
372 713 450 758 cum
477 694 567 757 Iuda
587 695 716 758 infideli
734 695 913 760 traditore.
965 694 1003 758 Si
1023 702 1139 758 autem
1154 694 1233 776 quis

180 794 340 858 beniuolo
355 795 469 858 animo
483 795 680 872 instinctus,
695 813 822 876 augere
837 795 998 871 uoluerit,
1007 801 1136 876 augeat
1149 793 1235 857 deus

181 900 315 976 partem
328 893 420 958 illius
433 894 470 956 in
482 893 656 975 paradiso,
671 913 749 958 cnm
762 895 855 959 fideli
869 895 1018 971 latrono,
1034 895 1093 976 qui
1109 895 1234 959 meruit

183 993 314 1070 audire,
329 993 445 1058 Hodie
455 1013 590 1060 mecum
604 995 671 1058 eris
685 995 722 1058 in
737 996 909 1076 paradiso.
948 994 1057 1076 Signa
1069 1002 1185 1058 autem
1201 1001 1238 1059 et

181 1112 306 1156 nomen
319 1093 610 1158 consentientibus
622 1101 658 1157 et
672 1095 964 1160 conscribentibus
988 1094 1043 1157 hic
1062 1093 1153 1157 infra
1174 1093 1236 1158 ad·

181 1193 321 1256 notabo.

239 1292 278 1374 »14
295 1292 371 1374 Ego
387 1291 477 1371 Offa,
492 1292 547 1356 dei
560 1293 675 1374 gratia
694 1313 757 1357 rex
781 1292 1002 1370 Merciorum,
1022 1291 1112 1356 banc
1127 1243 1236 1356 dona-

182 1391 311 1455 tionem
325 1392 571 1457 consentiendo
587 1391 753 1458 describo.
811 1395 851 1474 »14
869 1393 946 1476 Ego
961 1392 1087 1456 Milred
1103 1393 1237 1474 episco-

183 1510 248 1572 pus
270 1493 428 1556 consensi
451 1497 487 1556 e't
511 1492 708 1574 subscripsi.
766 1495 805 1574 »14
823 1492 899 1573 Ego
913 1493 1048 1558 Uhtred
1066 1493 1235 1556 consensi.

189 1593 229 1672 »14
246 1590 322 1671 Ego
337 1591 458 1656 Eadda
476 1593 633 1655 consensi
647 1600 682 1656 ct
698 1592 896 1674 subscripsi.
953 1595 992 1674 »14
1010 1592 1086 1674 ligo
1106 1590 1236 1655 Aldred

183 1690 272 1753 hanc
302 1699 413 1754 mea'm
435 1691 655 1756 donationem
677 1691 909 1756 confirmando
935 1691 1134 1774 subscripsi.
1191 1693 1230 1772 »14

185 1789 261 1870 Ego
291 1790 426 1854 Brorda
454 1792 623 1855 consensi.
680 1795 719 1874 »14
748 1791 975 1856 Berhtuuald.
1031 1794 1071 1873 »14
1097 1788 1236 1853 Tilbere

184 1889 303 1979 abbas.
339 1893 379 1972 »14
396 1888 500 1954 (lusa.
543 1893 583 1972 »14
600 1889 736 1954 Hunta.
778 1894 818 1973 »14
836 1891 966 1973 Broga.
1018 1893 1058 1972 »14
1075 1889 1235 1954 Headda.

189 1987 348 2070 ›1⁴Caec.
405 1993 444 2072 »14
458 1987 684 2054 Aetelmund.
742 1993 781 2072 »14
799 1989 949 2073 Eadgar.
1149 2044 1154 2052 .

650 2165 764 2177 2—-

619 2233 806 2353 CXXVI.

358 2434 379 2475 *
406 2429 537 2497 OFFA
561 2431 624 2497 OF
649 2431 858 2510 MERCIA,
873 2433 1064 2498 757-775.

241 2585 280 2664 »14
303 2583 475 2648 Ourunus
497 2590 595 2666 patet
614 2583 770 2648 fidelibus
793 2583 885 2666 quod
903 2583 959 2648 bio
982 2603 1052 2646 non
1071 2577 1238 2646 habemus

186 2691 380 2746 manentem
408 2684 595 2761 ciuitatem,
621 2685 721 2749 iuxta
746 2683 888 2766 gloriosi
909 2683 1060 2747 doctoris
1082 2683 1238 2764 gentium

189 2781 292 2848 Pauli
327 2803 458 2860 uocem,
491 2782 654 2866 quoniam
689 2804 752 2866 per
786 2781 1238 2847 momentanea'succeden·

187 2881 273 2946 tium
293 2890 485 2965 temporum
504 2883 675 2948 curricula
689 2890 725 2947 ct
743 2882 857 2946 carnis
871 2881 1107 2964 fragilitatem,
1122 2881 1239 2946 omnia

187 2981 335 3046 labentis
351 2983 444 3046 uitae
466 2981 689 3047 subsistentia
710 2981 874 3048 festinare
889 2982 1050 3047 uidentur
1064 2981 1108 3044 ad
1123 2981 1238 3045 finem.

190 3079 381 3163 Propterea
402 3101 467 3164 ego
483 3082 573 3159 Offa,
589 3103 652 3146 rex
667 3082 878 3147 Marciorum
892 3081 1029 3146 diuinae
1044 3081 1238 3145 misericor·

190 3179 248 3247 dia
279 3182 424 3262 gratiae,
456 3201 520 3265 pro
554 3177 765 3264 adquirenda
791 3181 931 3246 deificae
954 3180 1238 3246 remunerationis

190 3280 318 3362 requie,
334 3281 536 3363 animaeque
550 3300 647 3346 meae
663 3281 812 3346 remedio
831 3289 867 3345 ct
889 3282 1012 3358 salute,
1029 3288 1065 3345 et
1086 3299 1239 3345 meorum

190 3380 380 3444 facinorum
402 3381 625 3458 releuatione,
647 3389 774 3445 terram
790 3401 875 3449 oum
899 3381 1022 3444 finibus
1040 3381 1124 3458 suis,
1150 3397 1239 3462 quae

192 3479 341 3562 pertinet
354 3479 398 3544 ad
414 3481 533 3544 uillam
549 3501 639 3563 quae
653 3487 799 3544 uocatur
813 3479 962 3557 Uuican,
976 3480 1078 3544 sitam
1090 3481 1127 3543 in
1149 3477 1240 3542 occi·

192 3579 322 3644 dentali
336 3588 434 3662 parte
449 3580 603 3658 Saserne,
619 3581 715 3663 regia
729 3586 830 3644 utens
840 3585 1024 3662 potestate,
1033 3577 1124 3646 dono
1137 3578 1240 3641 liber-
1265 3652 1266 3655 Ἴ

191 3680 268 3756 tati,
284 3686 320 3743 et
331 3678 370 3742 M
372 3679 501 3744 ildrede
514 3680 668 3764 pontifici
683 3685 850 3762 perpetua
863 3677 1074 3742 haereditate
1087 3677 1188 3742 trado
1203 3677 1240 3741 in

192 3779 536 3860 possessionemiuris
545 3776 1241 3859 aecclesiastici,adlaudemetgloriamet

193 3877 357 3943 honorem
379 3879 538 3944 altissimi
561 3879 628 3958 dei,
642 3879 862 3961 omniumque
881 3885 1079 3944 sanctorum
1100 3884 1242 3940 nuncet

195 3979 454 4061 omnitempore
468 3979 607 4044 saeculi.
644 3979 682 4043 Si
693 3980 770 4062 quis
781 3997 864 4061 ergo
879 3978 968 4041 hanc
982 3983 1121 4041 nostrae
1135 3975 1242 4039 dona-

194 4077 299 4142 tionis
313 4079 534 4144 elemosinam
547 4079 700 4143 minuere
715 4079 863 4142 uoluerit
878 4085 912 4141 et
927 4076 1052 4154 delere,
1067 4075 1244 4141 auferatur

195 4184 230 4243 ct
245 4177 402 4245 deleatur
423 4181 586 4246 memoria
608 4180 681 4244 eius
701 4179 743 4242 de
766 4178 852 4242 libro
866 4177 971 4256 uitae,
986 4184 1021 4242 et
1039 4196 1116 4241 cum
1141 4173 1242 4253 Iuda,
