3112 5032
455 437 628 486 cnsnrna
652 437 993 488 nucuosnxonionn.
1181 427 1246 492 221

192 615 276 660 erna
301 602 446 673 ceastre,
467 595 533 661 hoc
558 596 733 662 decretum
755 596 947 662 definiendo
970 597 1183 678 confirmaui,
1208 607 1248 665 ut

191 696 428 760 terramillam
443 695 650 774 Hereforda‚
667 697 764 760 cuius
779 699 956 779 quantitas
970 706 1042 763 est.
1058 717 1085 763 11
1102 747 1109 762 .
1127 720 1244 765 cassa-

190 803 304 864 torum
336 796 426 860 dabo
462 796 677 862 Eansuuithe
704 797 946 880 possidendam
975 801 1139 882 quamdiu
1169 802 1246 884 ipsa

190 897 300 973 uiuat,
314 895 345 960 si
357 896 455 964 illam
468 902 548 979 post
569 917 624 961 me
646 897 866 980 superstitem
886 900 922 962 in
943 900 1081 964 saeculo
1097 900 1244 965 derelin-

190 1015 280 1078 quo;
306 1015 349 1060 ea
364 996 560 1060 conditione
573 1004 614 1061 ut
626 997 703 1080 ipsa
717 997 764 1061 sit
784 1017 919 1081 semper
933 999 1073 1064 subdita
1090 1000 1242 1083 Unigor-

191 1097 290 1161 nensi
304 1097 491 1162 aecclesiae
506 1102 542 1160 et
553 1097 668 1181 ipsius.
676 1096 838 1175 familiae,
852 1105 888 1162 30
902 1099 966 1163 hoc
982 1101 1095 1178 modo,
1105 1109 1145 1166 ut
1155 1120 1244 1164 sem·

189 1216 251 1279 per
264 1197 357 1261 illius
372 1197 559 1262 aecclesiae
571 1197 810 1262 indumentum
821 1198 977 1277 innonat,
989 1205 1025 1264 et
1038 1200 1243 1279 mundabat

191 1302 338 1378 augeat3
362 1303 398 1360 et
411 1301 596 1379 postquam
618 1297 695 1381 ipsa
717 1298 810 1382 uiam
829 1305 968 1380 patrum
989 1299 1138 1378 incedat,
1152 1307 1246 1366 terra

189 1397 387 1481 supradicta
406 1397 450 1486 ad
474 1397 750 1479 Uuigornensem
772 1399 974 1463 aecclesiam
996 1400 1127 1482 absque
1149 1400 1262 1464 omni¹

188 1496 459 1562 contradictione
484 1498 679 1580 conscripta
701 1504 763 1561 est.
824 1497 925 1563 Haec
951 1507 1066 1564 autem
1089 1500 1242 1565 definitio

189 1597 392 1662 confirmata
413 1604 517 1680 atque
535 1598 730 1680 conscripta
753 1602 818 1675 est,
835 1617 950 1664 coram
973 1599 1132 1679 testibus
1155 1619 1242 1684 quo·

188 1717 265 1761 rum
280 1697 335 1761 hic
350 1696 440 1761 infra
454 1696 595 1763 nomina
609 1703 783 1762 notantur.

247 1800 286 1886 »χε
304 1798 380 1879 Ego
392 1797 591 1862 Deneberht
604 1798 797 1882 episcopua,
813 1797 858 1881 ad
870 1798 1140 1881 confirmandam
1153 1799 1244 1880 hanc

188 1904 342 1961 nostram
357 1897 638 1978 munificentiam,
653 1898 789 1980 signum
811 1906 953 1963 sanctae
966 1901 1077 1963 crucis
1091 1901 1242 1984 impono.

195 1999 235 2079 ›1‹
255 1997 331 2080 Ego
343 1997 484 2080 Eadgar
495 1999 663 2063 consensi.
722 1998 760 2080 ›1‹
778 1997 854 2080 Ego
864 1997 1065 2064 Heahsteai
1073 2002 1241 2066 consensi.

195 2099 235 2179 »1⁴
255 2097 331 2180 Ego
348 2097 519 2164 Uuiberht
540 2097 711 2163 consensi.
769 2100 809 2180 »1⁴
839 2098 916 2180 Ego
939 2100 1134 2168 Heabferth
1160 2121 1242 2170 con·

189 2198 291 2260 sensi.
370 2199 409 2280 ›1‹
445 2198 520 2280 Ego
558 2196 732 2263 cuthbald
780 2199 947 2264 consensi.
1026 2201 1076 2282 ᾧ·
1097 2200 1241 2282 Signum

189 2295 399 2364 Torthtredi.
471 2301 509 2380 ›1‹
539 2299 615 2382 Ego
652 2296 828 2362 Eadberht
865 2298 1033 2362 consensi.
1106 2302 1145 2381 ›1‹
1165 2301 1241 2382 Ego

190 2396 353 2462 Uuihelm
366 2398 536 2462 consensi.
593 2402 631 2481 ›1‹
653 2399 730 2480 Ego
746 2397 863 2463 Brada
877 2397 1046 2465 consensi.
1103 2401 1142 2480 ᾖ
1163 2399 1239 2482 Ego

191 2497 388 2562 Freothelm
414 2499 582 2565 consensi.
638 2498 676 2580 ›1‹
697 2495 842 2581 Signum
866 2497 1035 2562 Uuilredi·
1101 2498 1140 2579 *1⁴
1159 2496 1237 2582 sig·

189 2617 271 2661 num
286 2598 411 2684 Tidan.
837 2647 840 2654 ·
943 2649 946 2656 ·

582 2871 850 2938 CLXXXIII.

290 3019 614 3100 nnunnnnflr,
642 3017 839 3103 rnursaay,
863 3020 924 3086 on
945 3019 1025 3087 Oet.
1047 2995 1124 3126 803.

303 3131 312 3166 ²
576 3139 651 3203 Vide
666 3161 759 3224 supra
775 3139 847 3205 789.

245 3288 285 3368 >1⁴
300 3284 346 3348 Iu
368 3282 505 3349 nomine
524 3281 582 3346 diii
597 3330 605 3348 .
621 3282 672 3346 nii
688 3327 697 3348 .
714 3279 774 3345 iliu
792 3329 800 3346 .
816 3277 887 3367 xpi.
932 3280 986 3344 Ea
1005 3299 1094 3362 quae
1118 3298 1243 3346 secane

188 3386 271 3464 dum
295 3382 563 3449 ecclesiasticam
588 3381 804 3466 disciplinam
833 3399 874 3444 ac
899 3380 1079 3463 synodalia
1103 3379 1243 3454 decreta

187 3485 372 3550 salubriter
396 3482 606 3547 definiuntur
629 3481 787 3564 quamuis
813 3480 907 3544 solus
933 3499 1045 3558 sermo
1060 3478 1243 3552 sufficeret

188 3594 305 3662 tamen
329 3605 392 3668 pro
412 3582 576 3663 euitando
596 3581 704 3646 futuri
723 3580 887 3664 temporis
908 3579 1141 3659 ambiguetate
1156 3580 1240 3656 lideq

187 3685 326 3751 lissimis
346 3683 526 3767 scripturis
543 3690 579 3747 et
593 3681 808 3747 documentis
831 3685 913 3744 sunt
934 3679 1129 3756 amendata,
1146 3678 1244 3757 Qua.

188 3775 329 3870 propter
343 3805 408 3867 ego
422 3782 652 3849 deneberhtus
667 3779 739 3870 epis
754 3780 804 3845 fui
817 3777 1038 3844 memorando
1058 3778 1243 3862 pristrinae

188 3883 622 3952 locutionisantecessoris
645 3882 714 3946 mei
734 3879 928 3946 hiothoredi
952 3878 1023 3962 epis
1048 3926 1056 3943 .
1081 3886 1118 3943 et
1142 3880 1243 3948 wulf.

188 3985 417 4061 beardircirca
435 3991 564 4048 terram
582 3983 678 4047 illam
694 3988 752 4046 aet
764 3981 1007 4060 intanbergum
1021 3977 1122 4042 simul
1137 3979 1243 4049 etiam

189 4095 246 4151 330
261 4084 493 4166 bradanleage
508 4091 590 4147 tuno
605 4081 841 4148 wulfheardus
865 4081 989 4143 iterum
1009 4095 1125 4142 coram
1138 4098 1244 4162 syna..

188 4187 259 4268 dali
276 4185 473 4251 testimonio
490 4183 707 4248 confirmauit
722 4201 801 4247 cum
814 4181 915 4262 signo
931 4177 1041 4242 crucis
1056 4175 1116 4264 xpi
1138 4179 1242 4278 dene·
