3112 5032
322 406 389 472 226
571 423 744 474 canaria
767 423 1109 474 nnonosnxonrcnn.

326 581 498 648 catholica
513 580 597 645 fides
609 581 759 666 penituit
772 591 809 648 et
823 603 846 648 a
866 585 925 648 scio
948 581 1111 666 agustino
1133 600 1269 647 sacrum
1293 581 1379 663 bap.-

326 682 467 746 tismum
494 682 696 748 celebretur.
724 685 866 767 insuper
893 685 999 748 etiam
1025 689 1157 748 cartam
1187 701 1210 746 a
1233 679 1379 746 romana

327 780 409 845 sede
434 782 556 846 misam
584 803 646 866 per
673 784 878 849 hadrianum
906 803 1034 867 papam
1060 784 1104 847 de
1133 783 1248 866 palleo
1275 781 1379 846 etde

329 881 646 965 archiepiscopatus
665 885 746 948 sede
758 883 796 948 in
808 883 1062 949 liccedieldensi
1074 882 1378 948 monasteriorum

329 999 500 1045 consensu
527 990 562 1047 ct
589 983 731 1048 licentia
765 984 882 1048 domni
908 983 1092 1067 apostolici
1119 984 1230 1048 leonis
1252 1001 1379 1064 ‘papae

329 1082 592 1164 praescribimus
614 1084 742 1166 aliquid
757 1086 885 1148 ualere.
908 1084 992 1166 quia
1006 1101 1068 1167 per
1092 1083 1379 1166 subreptitionem

330 1189 366 1246 et
380 1181 469 1245 male
483 1183 646 1248 blandam
656 1179 917 1267 suggessionem
927 1179 1192 1267 adipiscebatur.
1206 1183 1380 1248 etidcirco

329 1280 617 1347 manifestissimis
642 1285 752 1366 signis
773 1285 933 1350 caelestis
954 1285 1046 1366 regis
1066 1284 1253 1367 primatum
1279 1302 1380 1346 mon·

331 1382 468 1446 archiac
490 1381 799 1467 archiprincipatus
816 1401 1018 1469 permanere
1032 1384 1207 1450 canonicis
1229 1389 1379 1466 etapos-

330 1482 444 1546 tolieis
471 1484 719 1549 munitionibus
745 1486 931 1550 statuimus
956 1485 1016 1549 ubi
1049 1485 1122 1548 siim
1157 1484 1378 1565 euangelium

332 1579 409 1668 Xpi
422 1584 635 1664 per‘beatum
651 1592 786 1667 patrem
799 1586 997 1668 agustinum
1011 1584 1049 1647 in
1062 1584 1243 1667 prouincia
1256 1583 1380 1665 anglo-

332 1701 408 1745 rum
423 1683 535 1764 primii
551 1684 792 1766 praedicatur.
810 1692 845 1750 et
859 1685 982 1750 deinde
996 1701 1061 1767 per
1079 1685 1229 1767 gratiam
1250 1684 1302 1746 sti
1320 1681 1380 1769 sps

331 1781 401 1846 late
422 1782 583 1847 diffusum
606 1791 671 1848 est.
734 1785 772 1849 Si
799 1787 877 1868 quis
906 1805 990 1849 uero
1017 1791 1141 1848 contra
1167 1783 1380 1866 apostolicus

330 1883 524 1966 praeceptis
545 1891 581 1948 et
606 1887 767 1949 nostrorir
790 1887 941 1951 omnium
964 1903 1070 1948 ausus
1091 1885 1139 1949 sit
1162 1883 1279 1950 tunicb'
1302 1881 1381 1969 xpi

329 1983 487 2047 scindere
508 1991 544 2048 et
566 1985 700 2049 unitate
722 1987 780 2050 sie
794 1985 830 2050 di
850 1986 1016 2050 ecclesiae
1035 1983 1191 2049 diuidere
1207 2031 1215 2048 .
1231 1984 1321 2048 sciat
1343 1983 1381 2046 sei

331 2081 398 2146 nisi
412 2082 515 2166 digne
534 2085 770 2150 emendauerit
783 2081 875 2170 quod
897 2086 1015 2168 inique
1036 2083 1159 2149 contra
1180 2102 1298 2148 sacras
1319 2103 1381 2147 ca·

331 2201 439 2246 nones
453 2183 535 2248 fecit
547 2171 770 2250 aeternaliter
780 2205 856 2250 esse
869 2186 1109 2250 damnatum·
1149 2207 1152 2214 ¹
1279 2181 1282 2188 '

382 2281 453 2347 Hic
472 2277 512 2347 'it
536 2283 689 2349 nomina
709 2287 811 2351 scorti
843 2286 1049 2370 episcoponi·
1070 2291 1107 2349 et
1131 2283 1298 2348 abbatum
1319 2285 1382 2365 qui

329 2382 579 2465 praescriptum
601 2387 808 2470 cyrographi
830 2386 963 2452 cartidi
987 2386 1023 2449 in
1039 2384 1180 2469 'synodo
1192 2384 1253 2466 qni
1267 2383 1382 2448 iactus

330 2487 384 2545 est
407 2490 454 2547 aet
474 2482 698 2563 clofeshoum,
718 2506 811 2552 anno
833 2483 1004 2552 aduentus
1020 2485 1078 2549 dni
1094 2534 1104 2549 .
1119 2483 1277 2550 boccan.
1301 2503 1382 2548 cum

331 2582 432 2663 signo
446 2583 516 2647 stiae
528 2586 640 2648 crucis
655 2584 732 2674 X'pi
747 2588 1010 2655 firmauerunta·
1036 2613 1039 2620 ’
1105 2603 1122 2618 ··
1163 2613 1166 2618 ·

388 2684 427 2764 »14
442 2681 689 2749 aedelheardus
704 2687 845 2776 aicepis.
962 2707 964 2714 ·

387 2784 427 2864 »14
442 2783 617 2848 alduulfus
632 2784 716 2874 epis.

389 2885 428 2965 »14
442 2885 715 2952 uuerenberhtus
728 2885 811 2975 e'pis.

389 2985 429 3065 »14
444 2982 647 3050 alcheardus
662 2985 746 3073 epis.

389 3085 428 3165 »14
443 3082 669 3166 uuigberhtus
683 3085 765 3173 epis.

389 3184 428 3264 »14
444 3182 651 3248 alhmundus
666 3185 749 3273 epis,
826 3203 828 3206 ·

388 3283 427 3363 »14
442 3284 629 3348 osmundus
641 3284 724 3373 epis.

389 3383 428 3463 »14
442 3382 624 3448 eaduulsus
638 3384 721 3472 epis,

389 3483 428 3563 »14
444 3481 673 3550 deneberhtus
689 3485 772 3574 epis

353 3585 355 3590 ’
389 3582 429 3662 »14
444 3583 656 3649 uuihtbunus
671 3585 754 3673 epis,

389 3682 428 3762 »14
442 3681 602 3747 tidfridus
616 3684 699 3772 epis.

389 3781 428 3861 »14
443 3782 671 3848 uulfheardus
686 3785 769 3872 epis.

387 3879 427 3959 »14
441 3881 649 3948 alhmundus
658 3886 715 3968 pis
728 3887 783 3951 ab.

388 3980 427 4060 »14
442 3982 577 4049 beonua
590 3985 647 4066 pis
660 3987 716 4050 ab.

388 4079 428 4159 »14
442 4078 578 4146 sordrdd
594 4085 650 4166 pis
665 4086 720 4149 ab.

386 4175 426 4255 »14
439 4181 676 4262 uuigmundus
690 4185 746 4268 pis
761 4185 820 4249 ab'
