3134 5030
296 505 298 510 Ι
383 407 450 475 304
640 427 813 478 cunam
836 429 1179 480 suonosnxonrcnr.

383 583 609 668 fugitiuorum
622 585 658 651 in
673 587 735 652 illa
747 593 848 671 parta
870 587 1067 670 diriguntur
1088 588 1124 651 in
1146 586 1327 652 mariscum
1341 587 1425 652 occi·

383 685 522 751 dentale
536 707 598 770 per
609 687 737 767 Einset‚
752 696 875 754 contra
887 688 1044 766 africum,
1059 687 1155 752 etsie
1169 688 1335 770 usquead
1350 689 1427 753 Fol-

384 787 648 872 uuardstakyng
661 797 783 854 contra
802 809 932 866 corum,
954 797 990 854 et
1011 789 1061 853 sic
1081 787 1283 854 diuertcndo
1305 788 1348 852 ad
1368 790 1426 852 bo-

383 906 489 966 ream,
515 888 575 953 ubi
599 887 790 954 Southlakc
811 890 921 954 intrat
940 889 978 953 in
999 908 1125 972 aquam
1146 889 1190 953 de
1206 887 1364 953 Uuelund
1384 909 1426 953 ex

383 988 544 1071 opposito
569 989 727 1072 lapideae
757 990 881 1068 crucis,
910 1007 1001 1072 quae
1033 996 1106 1054 stat
1133 989 1171 1053 in
1199 989 1329 1052 boreali
1355 989 1427 1071 ripa

382 1086 496 1152 dictae
526 1107 638 1173 aquae
663 1090 707 1154 de
731 1089 903 1168 Uueland,
932 1088 1066 1154 distans
1090 1090 1134 1153 ab
1156 1090 1234 1172 ipsa
1255 1107 1347 1171 aqua
1369 1109 1427 1172 per

383 1189 535 1272 quinque
546 1190 663 1273 pedes,
678 1209 767 1273 quae
780 1190 888 1255 currit
903 1189 983 1254 inde
1002 1189 1046 1254 ad
1062 1189 1275 1272 praedictum
1291 1196 1426 1272 pontem

382 1289 426 1352 de
440 1288 614 1374 Croyland
627 1311 637 1355 ε
661 1290 721 1354 sed
736 1297 849 1355 metae
862 1289 1088 1372 fugitiuorum
1103 1290 1147 1354 ab
1160 1289 1223 1354 illa
1236 1309 1337 1354 cruce
1350 1290 1428 1354 diri-

381 1397 511 1470 guntur
532 1391 569 1454 in
591 1391 775 1456 mariscum
794 1391 932 1455 boreale
954 1391 1082 1455 directe
1104 1409 1214 1473 usque
1240 1390 1284 1453 ad
1302 1389 1427 1472 Oggot,

382 1490 442 1572 qui
460 1497 516 1555 ast
528 1489 677 1574 angulus
693 1498 861 1556 metarum
879 1498 1002 1556 contra
1014 1489 1203 1569 fauonium,
1218 1498 1253 1555 et
1268 1490 1319 1554 sic
1334 1491 1428 1555 rede·

381 1589 475 1654 undo
488 1608 609 1655 uersus
633 1591 798 1656 orientem
817 1611 879 1675 per
895 1590 1109 1668 Uuodelade,
1125 1591 1291 1675 usquead
1311 1589 1427 1674 Apyn·

381 1688 468 1770 holt,
485 1697 520 1755 et
541 1691 589 1755 ibi
613 1692 830 1757 ascendendo
852 1712 915 1775 per
937 1709 1064 1774 aquam
1086 1690 1130 1755 dc
1146 1691 1321 1769 chland,
1342 1711 1427 1775 quae

379 1797 434 1855 est
456 1799 582 1874 quarta
599 1811 691 1877 aqua
710 1791 874 1858 claudens
895 1792 1044 1857 insulam
1066 1791 1102 1854 in
1128 1791 1190 1856 illa
1206 1799 1319 1874 parte,
1341 1792 1427 1856 sicut

380 1890 483 1955 tortia
511 1910 603 1974 aqua
631 1892 675 1957 de
702 1892 802 1957 Nene
833 1891 964 1957 claudit
992 1911 1068 1956 eam
1107 1911 1153 1955 ex
1192 1892 1303 1957 altera
1332 1900 1427 1975 parte

380 1991 495 2073 pontis
518 1992 562 2057 de
584 1991 759 2077 Croyland
782 2012 892 2076 usquc
915 1992 959 2057 ad
986 2010 1168 2056 seuucram
1190 1991 1233 2056 de
1248 1990 1426 2077 Asendyk,

379 2091 535 2156 cadentis
549 2092 585 2156 in
599 2092 773 2172 Uueland,
787 2092 847 2157 ubi
862 2100 960 2157 stans
975 2092 1086 2158 fracta
1105 2111 1192 2156 crux
1207 2092 1347 2174 lapidea
1359 2093 1425 2157 dis-

379 2197 432 2256 tat
445 2192 490 2256 ab
503 2191 581 2275 ipsa
594 2212 686 2275 aqua
694 2195 737 2258 da
745 2192 913 2277 Asendyk
926 2191 1005 2276 [per
1019 2201 1090 2258 tres
1102 2192 1291 2276 perticatas
1307 2194 1345 2256 in
1355 2195 1425 2258 eius

378 2291 455 2375 ripa
479 2293 644 2372 australi3
668 2295 804 2378 etipsa
825 2312 919 2376 aqua
940 2293 983 2370 de
1007 2286 1204 2376 Ascndyk]¹
1228 2300 1284 2358 est
1307 2295 1425 2376 quinta

378 2411 471 2475 aqua
483 2393 646 2458 claudens
669 2396 712 2459 ab
734 2395 795 2459 illo
809 2393 886 2458 loco
900 2393 1049 2457 insulam
1060 2392 1284 2477 praedictam,
1307 2403 1426 2459 contra

377 2493 573 2576 aquilonem
587 2514 696 2578 usque
719 2494 763 2560 ad
777 2493 1006 2578 Asuuyktost.
1057 2493 1094 2558 Si
1108 2500 1211 2558 extra
1224 2494 1312 2558 istas
1328 2496 1425 2578 quin·
1514 2521 1515 2525 ¹

377 2611 446 2675 que
465 2613 575 2677 aquas
589 2602 625 2659 et
640 2603 750 2660 metas
773 2595 1053 2678 praenominatas
1074 2594 1242 2677 fugitiuus
1261 2594 1424 2660 inuentus

377 2691 491 2772 suerit,
513 2701 679 2778 tanquam
697 2695 810 2760 Semci
831 2703 932 2760 extra
955 2694 1144 2760 Ierusalem
1165 2694 1314 2778 publicis
1340 2696 1423 2779 legi-

376 2793 692 2873 bussubiiciendus‚
705 2815 853 2880 poenam
869 2814 973 2878 quam
990 2795 1114 2860 meruit
1127 2795 1288 2878 patietur.
1322 2795 1423 2875 Quod

376 2894 407 2957 si
435 2894 526 2959 infra
548 2895 741 2979 praedictas
763 2915 873 2980 aquas
901 2903 937 2960 et
966 2903 1088 2972 metas,
1117 2902 1152 2959 et
1170 2895 1422 2977 praedictarum
1505 2923 1507 2983 5

375 3011 543 3078 aquarum
554 2997 648 3080 ripas
659 2997 847 3061 exteriores
860 2994 1091 3073 homicidium,
1102 2994 1243 3074 furtum,
1252 2996 1310 3060 uel
1322 2997 1423 3062 aliam
1503 3015 1505 3085 Q

374 3094 629 3161 forisfacturam
658 3096 789 3174 fecerit,
827 3117 889 3178 per
925 3095 1072 3160 balliuos
1100 3094 1185 3160 dicti
1222 3098 1423 3162 monasterii

374 3197 573 3279 capiendus,
587 3197 688 3262 iuxta
710 3189 918 3280 [demerita]¹
943 3195 980 3259 in
997 3196 1075 3278 ipsa
1095 3195 1223 3275 insula,
1237 3197 1337 3260 cuius
1359 3199 1420 3262 im-
1500 3203 1501 3237 ¹

374 3297 577 3362 munitatem
599 3297 759 3381 perdidit,
775 3296 940 3380 patietur,
956 3303 993 3361 et
1010 3296 1136 3360 ibidem
1158 3295 1365 3362 iudicandus
1386 3298 1420 3362 in

372 3416 510 3462 carcere
536 3397 671 3462 abbatis
701 3397 996 3462 condemnabitur.
1049 3396 1096 3460 Et
1121 3402 1162 3460 ut
1185 3396 1278 3461 istud
1308 3418 1420 3462 meum

371 3497 590 3581 priuilegium
613 3497 743 3562 firmius
761 3506 797 3564 et
821 3497 946 3563 fortius
968 3496 1012 3562 ad
1032 3504 1190 3581 posteros
1211 3508 1420 3580 perseueret,

371 3618 434 3681 per
444 3597 620 3663 dominum
634 3618 748 3662 meum
763 3599 973 3681 Ecgbcrtum
983 3617 1099 3680 regem
1109 3597 1223 3662 Uuest
1233 3598 1420 3678 Senoniae,

369 3703 405 3763 at
419 3696 693 3783 Atheluulphum
709 3698 816 3762 filium
832 3699 906 3764 eius
919 3697 1005 3762 illud
1020 3697 1153 3762 obtinui
1166 3697 1375 3764 confirmari.

420 3798 537 3864 Offero
563 3800 668 3864 etiam
694 3799 879 3864 secretario
905 3797 989 3862 dicti
1012 3797 1213 3862 monasterii
1236 3798 1273 3863 in
1298 3801 1418 3864 minis-

368 3900 494 3965 terium
516 3899 725 3964 sanctissimi
747 3899 868 3964 altaris
889 3897 1105 3985 chlamydem
1127 3898 1334 3978 coccineam,
1351 3920 1419 3984 qua

367 3999 510 4065 indutus
534 4020 627 4065 eram
641 4001 677 4064 in
691 4001 916 4065 coronatione
930 4019 1020 4077 mea,
1036 3999 1081 4063 ad
1103 4017 1226 4082 capam
1239 3999 1318 4064 inde
1342 4003 1416 4065 siue

368 4101 522 4166 casulam
534 4101 746 4181 faciendam
762 4101 847 4165 etin
861 4100 1048 4165 aecclesiae
1063 4099 1300 4166 sanctissimae
1314 4121 1417 4166 orna-

739 4223 1044 4291 ¹wanunguuens
1471 4259 1480 4714 l

1451 4717 1471 4998 l
