3188 5032
336 409 401 476 124
594 421 766 473 curnula
789 421 1132 472 rucnosrxonroln.

338 581 490 646 fluuium.
505 581 565 664 qui
583 581 708 645 dicitur
729 579 847 660 Stuur,
862 581 983 645 iisdem
1007 581 1209 646 terminibus
1233 581 1394 647 adiacen-

338 684 430 747 tibus
451 683 575 764 quibus
591 681 732 764 Tyrdda
751 701 866 746 comes
886 689 990 746 antea
1005 684 1156 760 tenebat,
1169 682 1394 747 libentissime

338 784 568 846 incommune
586 782 704 863 largiti
719 801 858 862 sumns;
880 790 918 847 ut
934 802 1069 864 semper
1082 801 1144 846 seu
1158 784 1257 847 nobis
1272 783 1394 846 uiuen-

340 883 433 947 tibus
456 902 517 946 sen
539 883 575 945 in
591 881 731 946 Christo
752 882 1012 959 dormientibus
1036 882 1142 964 digna
1163 885 1394 948 remuneratio

338 983 376 1046 in
394 990 592 1046 sanctarum
607 982 815 1060 orationum,
831 1002 908 1045 cnm
923 984 1106 1046 missarum
1121 985 1228 1046 sacris
1243 984 1395 1048 celebra-

339 1083 503 1161 tionibus,
518 1084 562 1146 ab
577 1083 696 1146 eadem
722 1083 889 1146 aecclesia
904 1082 959 1147 die
982 1088 1167 1164 noctuque,
1192 1083 1257 1149 deo
1276 1091 1394 1166 patro-

339 1183 488 1260 cinante,
514 1183 658 1246 fideliter
679 1183 854 1246 reddatur.
908 1183 1043 1265 Siquis
1066 1203 1162 1260 uero,
1176 1185 1267 1265 quod
1291 1185 1394 1261 absit,

339 1282 429 1347 hanc
445 1283 715 1346 munificentiam
731 1291 898 1360 nostram,
912 1304 975 1365 pro
992 1284 1055 1347 deo
1070 1284 1295 1365 omnipotenti
1309 1303 1394 1348 con·

339 1403 485 1461 cessam,
501 1383 795 1465 plurimorumque
808 1383 951 1448 oonsilio
967 1385 1236 1460 corroboratam,
1247 1403 1394 1466 quorum

339 1481 431 1547 infra
446 1484 587 1547 nomina
601 1491 789 1565 ponuntur,
805 1484 973 1548 auaritiae
989 1484 1142 1548 aestibus
1156 1503 1342 1548 succensus
1357 1491 1394 1548 et

340 1584 512 1647 diabolica
533 1585 812 1665 praesumptione
843 1585 1020 1663 incitatus
1042 1583 1225 1648 infeliciter
1250 1585 1393 1648 inritam

341 1682 454 1747 facere
468 1689 678 1766 praesumat,
690 1684 778 1748 sciat
789 1703 827 1748 se
842 1686 886 1749 ab
897 1691 1039 1748 aeterna
1050 1685 1168 1766 requie
1183 1692 1394 1767 separatum,
1418 1701 1422 1708 ·

341 1791 377 1847 et
401 1803 477 1847 cum
502 1783 592 1846 Inda
615 1783 721 1866 impio
746 1785 912 1849 traditore
935 1785 1084 1849 aeternis
1108 1784 1394 1866 dampnationum

340 1883 476 1966 legibus
502 1884 750 1966 mancipatum.
802 1884 840 1948 Si
869 1885 947 1967 quis
976 1903 1059 1948 uero
1088 1885 1247 1966 augendo
1276 1885 1393 1949 multi-

340 1984 470 2067 plicare
484 1984 645 2061 noluerit,
661 1984 789 2048 Christi
810 1985 996 2048 instinctus
1012 1979 1151 2062 amore,¹
1167 1991 1296 2066 augeat
1309 1986 1394 2049 deus

334 2092 475 2168 partem
499 2079 593 2148 illius
614 2085 651 2147 in
674 2086 949 2150 remuneratione
972 2084 1153 2162 iustorum,
1175 2086 1235 2148 ubi
1258 2086 1394 2148 animae

341 2191 541 2248 sanctorum
554 2184 691 2266 fulgent
704 2185 741 2248 in
755 2185 878 2267 gloria.
917 2184 985 2247 His
1000 2185 1079 2248 hinc
1093 2185 1173 2248 inde
1187 2186 1393 2268 subscriptis

344 2285 497 2347 terminis
512 2283 669 2366 praefata
683 2285 872 2350 certissime
887 2285 1150 2366 circumgiratur
1163 2284 1277 2349 tellus

395 2385 527 2466 ›14Ego
552 2383 729 2449 Eanberht
753 2385 842 2448 banc
862 2392 1016 2449 nostram
1042 2405 1257 2450 communem
1282 2385 1393 2449 dona-

341 2484 470 2548 tionem
502 2504 565 2567 pro
602 2485 759 2567 ampliori
789 2486 951 2550 firmitate
986 2486 1123 2565 signum
1154 2486 1393 2549 sanctissimae

340 2585 451 2649 crucis
473 2584 583 2648 libens
606 2586 714 2648 arani.
772 2588 811 2666 ›1‹
835 2585 912 2667 Ego
935 2585 1069 2650 Uhtred
1092 2593 1174 2650 anto
1200 2586 1393 2668 praescrip·

338 2693 412 2748 ·tam
445 2683 666 2749 donationem
700 2693 854 2749 nostram
889 2685 1097 2750 confirmans
1132 2686 1321 2762 subscribo,
1357 2694 1394 2750 et

340 2785 508 2848 uexillum
530 2786 641 2848 crucis
657 2785 898 2867 -praetitulaui
955 2787 994 2865 ›1‹
1015 2786 1091 2867 Ego
1114 2783 1257 2864 Aldred,
1284 2786 1393 2849 maio-

334 2903 416 2947 rum
452 2904 606 2948 meorum
639 2887 888 2950 conroboratus
923 2886 1103 2968 exemplis,
1135 2885 1246 2949 almae
1281 2885 1394 2948 crucis

341 2984 508 3050 uexillum
531 2985 681 3067 inposui.
738 2985 778 3066 ᾖ
798 2986 874 3067 Ego
897 2985 1023 3049 Milred
1045 2986 1159 3067 gratia
1182 2985 1237 3049 dei
1260 2985 1395 3069 cpisco-

341 3103 418 3167 pus‚
442 3084 496 3148 his
518 3085 705 3167 praedictis
720 3087 822 3149 rebus
836 3086 999 3150 canonice
1019 3085 1178 3149 consensi
1200 3092 1236 3149 et
1256 3086 1395 3168 signum

339 3185 535 3249 uenerabile
560 3186 728 3267 impressi.
802 3187 841 3268 ›1‹
869 3186 944 3268 Ego
977 3184 1068 3263 offa,
1100 3185 1251 3250 nondum
1285 3206 1394 3268 regno

334 3285 558 3354 ,Marcionum
582 3304 605 3348 a
625 3285 764 3349 domino
779 3293 933 3369 accepto,
950 3303 1036 3367 puer
1056 3286 1183 3350 indolis
1197 3287 1233 3349 in
1252 3287 1396 3369 prouin-

340 3384 395 3448 cia
410 3379 636 3448 Huicoiorum
650 3386 873 3462 constitutus,
889 3386 969 3448 hnic
983 3386 1163 3450 donationi
1178 3405 1297 3450 eorum
1312 3405 1396 3450 con·

292 3547 295 3554 .
339 3484 432 3548 sensi
458 3492 493 3548 et
509 3485 658 3567 ⁴signum
679 3485 882 3549 honorabile
907 3487 1030 3549 beatae
1055 3487 1166 3549 crucis
1191 3485 1394 3568 conscripsi.

344 3587 383 3665 ›1‹
406 3585 482 3665 Ego
500 3584 620 3662 Torta,
646 3585 701 3649 dei
728 3585 931 3650 diffinitione
955 3586 1112 3664 antistes,
1139 3587 1229 3650 hanc
1247 3605 1396 3670 praeno-

331 3692 447 3748 tatam
474 3685 743 3749 munificentiam
770 3685 928 3749 consensi
948 3692 983 3750 et
1004 3684 1202 3769 subscripsi.
1261 3688 1300 3766 ›1‹
1318 3686 1396 3768 Ego

339 3783 498 3861 Hemele,
516 3784 571 3848 dei
594 3785 709 3866 gratia
722 3785 873 3868 praesul,
889 3786 1143 3850 aecclesiastice
1165 3787 1336 3864 consensi,
1359 3795 1396 3851 et

338 3885 475 3966 signum
490 3884 689 3956 salutiferae
704 3887 815 3949 crucis
832 3885 1049 3968 praenotaui.
1105 3886 1145 3967 ›1‹
1162 3886 1307 3968 Signum
1320 3906 1395 3964 rna-

338 4003 403 4048 nns
433 3984 667 4049 Heardberbti
694 3985 869 4070 praefecti.
936 3988 976 4069 ›1‹
996 3986 1141 4069 Signum
1164 4006 1287 4051 manus
1303 3986 1392 4052 Ald-

356 4171 359 4178 ⁸
447 4239 450 4246 .
537 4193 545 4226 ¹
559 4197 633 4246 From
644 4198 694 4264 tbis
705 4199 776 4260 point
787 4200 822 4249 all
833 4199 856 4249 is
868 4199 980 4261 wanting
991 4198 1017 4246 in
1029 4198 1122 4248 second
1130 4189 1192 4262 MS.
