3134 5030
466 465 648 514 ,enarras
671 466 1012 516 Aucnoraxourcln.
1186 449 1252 518 313

201 621 363 704 superbia
384 621 537 700 inflatus,
561 643 624 687 nec
644 643 707 687 rex
729 643 829 688 suum
851 631 990 707 pastum
1013 624 1176 708 requirat,
1196 627 1252 692 uel

200 721 367 786 habentes
379 721 535 786 homines
549 741 636 805 quos
653 743 716 787 nos
736 724 880 788 dicimus
895 723 1090 807 festigmen,
1107 745 1170 789 nec
1193 747 1252 791 eos

201 823 261 903 qui
274 822 455 905 accipitres
469 829 611 905 portant
625 823 683 887 uel
696 822 862 902 falcones,
877 825 934 888 uel
956 825 1109 889 caballos
1123 825 1254 890 ducunt

200 921 275 985 siue
298 941 413 986 canes,
466 921 543 986 Nec
568 942 714 1005 poenam
739 924 876 988 mittere
898 943 1002 1007 super
1015 944 1075 989 eos
1096 944 1253 1008 quoquo-

201 1020 304 1085 modo
319 1021 457 1098 audeat,
472 1041 534 1085 nec
549 1023 708 1105 princeps
722 1043 785 1087 nec
805 1023 951 1106 graphio
969 1024 1059 1088 hanc
1073 1025 1250 1090 lenitatem

201 1119 394 1204 praefatam
417 1121 454 1184 in
472 1120 617 1186 alicuius
631 1121 744 1186 oneris
759 1124 952 1188 molestiam
966 1132 1100 1189 mutare
1114 1126 1252 1206 audeat,

203 1227 263 1284 aut
283 1221 320 1284 in
340 1221 459 1285 diebus
482 1221 609 1285 nostris
631 1223 689 1286 uel
707 1242 942 1288 successorum
957 1232 1163 1289 nostrorum.
1215 1225 1254 1290 Si

202 1340 265 1403 pro
288 1321 404 1403 aliquo
427 1320 553 1385 delicto
575 1329 759 1386 accusatur
777 1323 880 1388 homo
898 1323 965 1401 dei,
984 1324 1171 1389 aecclesiae
1192 1325 1252 1390 ille

202 1427 319 1485 custos
332 1421 426 1485 solus
440 1439 518 1484 cum
530 1441 595 1486 suo
604 1422 797 1486 iuramento
811 1423 841 1487 si
851 1423 978 1488 audeat
986 1423 1083 1488 illum
1094 1426 1252 1507 castiget.

202 1519 263 1584 Sin
279 1522 451 1586 autemut
466 1521 609 1604 recipiat
624 1522 770 1586 alienam
791 1521 972 1601 iustitiam,
993 1523 1094 1588 huius
1116 1525 1250 1588 uicissi-

202 1620 331 1684 tudinis
360 1620 601 1699 conditionem,
624 1621 817 1704 praefatum
844 1622 1006 1687 delictum
1029 1641 1106 1688 cum
1128 1624 1252 1708 simplo

202 1721 336 1802 praetio
367 1727 560 1803 componat.
623 1720 716 1800 Quid
739 1723 864 1805 plural
918 1722 975 1787 Ne
999 1725 1055 1787 cui
1076 1723 1253 1789 hominum

203 1839 265 1902 per
291 1821 362 1884 uim
397 1815 529 1903 aliqum
557 1821 605 1884 ibi
634 1822 819 1899 tribuatur,
853 1840 963 1904 neque
998 1823 1034 1886 in
1063 1823 1253 1907 palefridis,

203 1938 314 2001 neque
340 1921 377 1984 in
402 1919 618 1997 refectiones,
642 1922 703 1986 sed
729 1923 773 1985 ab
802 1921 855 1985 his
878 1923 1035 1987 omnibus
1063 1923 1151 1987 liber
1175 1945 1253 2006 per-

203 2026 353 2084 maneat.
406 2019 462 2084 De
482 2020 544 2084 illa
564 2027 679 2085 autem
701 2022 923 2087 tribulatione
945 2042 1033 2105 quae
1052 2023 1252 2088 uuitereden

203 2119 402 2184 nominatur
416 2119 463 2184 sit
477 2119 596 2198 libera,
615 2121 682 2186 nisi
704 2129 820 2186 tamen
845 2121 974 2203 singuli
999 2125 1167 2206 praetium
1184 2124 1254 2188 sol·

203 2219 293 2284 uerit
307 2225 347 2283 ut
361 2220 447 2284 talia
461 2221 642 2303 accipiant.
685 2222 794 2286 Fures
814 2241 950 2305 quoque
964 2242 1053 2306 quos
1075 2223 1253 2307 appellant

203 2319 388 2402 uueregeld
414 2318 531 2384 deofa's
549 2321 580 2384 si
600 2320 684 2385 foris
704 2322 896 2405 rapiantur,
911 2323 1081 2404 praetium
1103 2324 1176 2386 eins
1198 2323 1250 2388 di·

203 2420 344 2483 midium
359 2419 410 2484 illi
424 2420 623 2498 aecclesiae,
648 2428 684 2485 et
703 2421 880 2485 dimidium
900 2421 974 2504 regi
996 2422 1105 2486 detur.
1159 2422 1250 2487 Etsi

202 2520 297 2584 intus
319 2521 464 2603 rapitur,
490 2525 601 2585 totum
623 2520 786 2585 reddatur
805 2521 849 2585 ad
872 2522 1085 2588 aecclesiam.
1149 2522 1251 2586 Simi-

203 2619 282 2684 liter
305 2620 348 2685 de
370 2619 583 2684 haereditate
606 2622 876 2704 peregrinorum,
892 2621 927 2685 id
951 2629 1004 2686 est
1019 2621 1201 2695 Gallorum
1216 2630 1251 2688 et

205 2720 403 2785 Brittonum
441 2727 476 2784 et
505 2719 626 2784 horum
655 2720 827 2799 similium,
856 2722 1042 2786 aecclesiae
1076 2721 1251 2788 reddatur.

205 2820 383 2885 Praetium
406 2839 543 2903 quoque
558 2820 739 2902 sanguinis
752 2821 1021 2904 peregrinorum,
1035 2823 1070 2886 id
1085 2829 1139 2886 est
1150 2843 1253 2887 uuer-

205 2920 296 3002 geld,
316 2919 490 2983 dimidiam
505 2928 636 3003 partem
650 2929 721 2984 rex
734 2926 863 2999 teneat,
878 2921 1052 2986 dimidiam
1067 2923 1253 2987 aecclesiae

205 3019 398 3086 antedictae
427 3019 584 3085 reddant.
616 3051 618 3055 ·
648 3019 747 3084 Silua
779 3041 915 3105 qnoque
944 3023 1055 3086 omnis
1084 3041 1173 3106 quae
1202 3023 1254 3087 illi

207 3121 392 3185 aecclesiae
405 3128 441 3185 et
451 3120 656 3185 suburbanis
680 3121 753 3186 cius
769 3122 933 3206 suppetit,
947 3123 984 3186 in
998 3123 1156 3188 omnibus
1170 3142 1252 3188 cau·

207 3221 254 3283 sis
269 3221 315 3285 sit
328 3221 447 3298 libera,
463 3228 499 3285 et
519 3241 589 3285 non
608 3228 744 3286 secetur
764 3223 811 3286 ibi
834 3221 879 3285 ad
900 3223 992 3304 regis
1013 3223 1070 3288 uel
1089 3211 1253 3307 principis

207 3320 362 3398 aedificia
383 3320 500 3403 aliqua
518 3320 600 3404 pars
622 3322 785 3386 materiae
806 3322 917 3404 grossi
939 3322 995 3386 uel
1018 3323 1167 3404 gracilis
1192 3323 1253 3388 sed

207 3421 249 3482 ab
265 3421 422 3484 omnibus
443 3419 585 3484 defensa
606 3428 642 3485 et
664 3420 772 3485 libera
793 3430 943 3486 maneat.
996 3421 1033 3484 si
1047 3423 1123 3504 quis
1138 3431 1252 3487 autem

207 3520 427 3602 praescriptis
449 3520 590 3584 statutis
613 3519 762 3602 noluerit
776 3521 925 3599 obedire,
940 3522 1028 3585 sciat
1048 3541 1085 3586 se
1105 3522 1253 3586 alienum

207 3638 282 3683 esse
304 3638 326 3682 a
348 3619 522 3684 consortio
547 3627 687 3684 sanctae
708 3620 763 3685 dei
782 3622 969 3686 aecclesiae
984 3629 1053 3686 eta
1068 3617 1254 3705 participa-

206 3720 301 3783 tione
315 3720 468 3802 corporis
483 3726 519 3784 et
531 3721 711 3802 sanguinis
725 3721 853 3785 domini
868 3722 977 3786 nostri
992 3721 1098 3786 Ihesu
1114 3720 1254 3800 Christi,

204 3839 268 3903 per
280 3821 521 3884 auctoritatem
534 3821 628 3899 beati
642 3821 740 3886 Petri
755 3821 916 3904 apostoli,
935 3823 1003 3885 nisi
1014 3822 1117 3904 digne
1139 3843 1254 3887 emen-

205 3920 342 3996 dauerit
355 3920 452 4002 quod'
462 3921 584 3985 contra
597 3920 653 3985 dei
667 3922 868 3986 aecclesiam
883 3921 1032 3988 iecisset.

257 4019 496 4102 EgoEcgbert
509 4021 645 4101 rex,›1‹.
682 4022 759 4105 Ego
773 4015 979 4087 Aetheluulf
987 4014 1078 4086 filius
1088 4023 1190 4105 regis.
1199 4026 1254 4106 »1«.

207 4119 284 4201 Ego
293 4117 455 4184 Aelfstan
466 4121 658 4204 episcopus
667 4125 721 4205 ᾖ.
754 4122 831 4205 Ego
846 4122 1254 4207 Rethunepiscopus.›1⁴.

206 4219 285 4302 Ego
313 4219 446 4284 Kinred
476 4222 667 4306 episcopus.
683 4225 738 4305 ᾧ.
792 4223 868 4306 Ego
900 4223 1045 4290 Uulflal
1065 4225 1254 4306 abbas.›1‹.
