3134 5030
325 395 391 464 288
588 412 759 462 curaris
782 410 1122 465 ancnosuxorucsa.

327 577 520 651 torumque,
535 569 578 632 ab
604 588 769 652 equorum
794 575 830 633 et
854 568 1028 632 falconum
1050 566 1321 650 accipitrumque
1344 574 1382 631 et

327 689 450 733 canum
466 668 677 752 acceptioue,
691 676 726 733 et
739 669 876 734 illorum
891 668 1065 732 hominum
1081 667 1266 732 refectione
1286 667 1382 750 quod

329 789 391 833 nos
407 769 534 850 festing
549 788 652 833 menn
666 768 894 845 nominamus,
909 788 931 832 a
942 768 1154 851 parafrithis‚
1166 775 1201 832 et
1212 769 1256 831 ab
1267 765 1384 831 omni-.

327 870 392 933 bus
407 867 665 933 difficultatibus
680 869 806 951 regalis
818 869 874 932 uel
885 869 1073 932 saecularis
1083 867 1273 944 seruitutis,
1285 865 1381 931 notis

327 976 363 1034 et
390 969 531 1051 ignotis
558 987 636 1032 cum
657 968 743 1032 furis
767 967 1071 1051 comprehensione
1096 967 1191 1030 intus
1220 974 1255 1030 ct
1283 966 1381 1042 foris,

327 1068 467 1132 maioris
481 1067 678 1146 minorisue‚
693 1075 830 1151 praeter
844 1067 960 1151 pontis
980 1067 1236 1132 constructione
1258 1073 1294 1130 ct
1315 1087 1380 1142 ex,-

327 1168 513 1251 peditione‚
526 1168 748 1248 aeternaliter
757 1169 904 1232 liberata
914 1174 1125 1250 permaneat.
1156 1166 1261 1230 Hanc
1274 1166 1380 1229 liber-

327 1275 435 1332 tatem
446 1267 642 1351 praedictae
655 1268 842 1333 aecclesiae
854 1267 983 1331 'donabi
998 1287 1061 1350 pro
1076 1267 1196 1330 humili
1217 1266 1382 1330 obedien-

329 1368 379 1431 tia
393 1368 599 1432 uenerabilis
614 1368 766 1451 episcopi
782 1367 991 1430 Beornmodi
1008 1374 1045 1430 et
1056 1387 1119 1449 pro
1135 1385 1251 1429 amore
1275 1385 1380 1449 apos-

329 1468 391 1532 toli
407 1469 519 1532 sancti
533 1465 694 1534 Andreae
708 1475 743 1532 et
757 1467 851 1531 beati
867 1466 1007 1530 Paulini
1022 1464 1270 1548 archiepiscopi
1281 1466 1383 1529 cuius

329 1587 454 1650 corpus
470 1568 506 1632 in
522 1568 699 1651 praedicta
714 1566 881 1631 aecclesia
894 1566 1097 1648 requiescit3
1122 1566 1171 1630 sic
1186 1567 1292 1630 ctiam
1306 1586 1381 1630 om-

330 1668 429 1731 nibus
455 1667 710 1732 successoribus
733 1667 789 1731 uel
810 1666 1014 1731 haeredibus
1035 1666 1120 1730 meis
1149 1685 1283 1730 necnon
1307 1665 1401 1729 cui-r

333 1786 468 1850 cunque
496 1767 606 1850 gradu
635 1767 773 1850 regibus
811 1785 872 1830 seu
910 1766 1133 1849 principibus,
1169 1766 1207 1829 in
1243 1765 1397 1830 nomine.

321 1875 472 1931 «sanctae
492 1867 657 1932 trinitatis
672 1875 708 1931 et
721 1887 783 1949 per
797 1866 1010 1931 tremendum
1026 1864 1081 1929 dei
1095 1865 1258 1930 iudicium
1279 1884 1382 1947 prae·

329 1966 431 2049 cipio,
458 1974 499 2030 ut
522 1965 608 2030 haec
631 1966 773 2032 donatio
798 1986 876 2030 mea
904 1967 1002 2030 firma
1027 1973 1063 2029 et
1088 1964 1234 2029 inlibata
1259 1965 1382 2028 incon-

329 2085 498 2148 cussaque
520 2075 741 2148 permaneat3
765 2068 795 2130 si
809 2067 887 2149 quis
906 2086 989 2130 uero
1012 2065 1078 2129 hoc
1093 2064 1256 2129 beniuolo
1267 2072 1385 2128 mente

329 2168 513 2231 obseruare
541 2166 701 2245 uoluerit,
725 2174 885 2231 serueter¹
904 2167 936 2230 ei
959 2164 1151 2230 benedictio
1174 2165 1385 2246 sempiterna

250 2276 254 2281 “
329 2266 385 2330 hic
399 2267 435 2330 in
454 2272 651 2345 aeternum;
672 2267 702 2330 si
723 2273 851 2344 autem,
874 2266 966 2348 quod
990 2265 1093 2343 absit,
1119 2264 1243 2346 aliquis
1266 2265 1381 2328 insur-

280 2381 282 2387 ’
330 2367 459 2446 rexerit
480 2365 663 2448 tyrannica
683 2373 856 2449 potestate
878 2365 998 2442 fretus,
1012 2385 1075 2428 seu
1089 2364 1258 2429 diabolica
1272 2372 1381 2428 teme-

329 2466 432 2530 ritate
456 2466 654 2548 instigatus
680 2467 740 2549 qui
764 2466 854 2529 hanc
884 2466 1076 2530 libertatem
1104 2464 1289 2547 infringere
1321 2472 1383 2529 aut

331 2565 484 2630 minuere
506 2566 563 2630 uel
585 2566 622 2630 iu
645 2566 732 2630 aliut
754 2574 954 2630 conuertere
979 2565 1200 2647 temptauerit
1228 2583 1333 2646 qnam
1360 2584 1383 2628 a

331 2666 429 2729 nobis
453 2665 678 2730 constitutum
702 2672 767 2742 est,
791 2664 880 2730 sciat
903 2685 940 2729 se
962 2672 1159 2748 separatum
1182 2683 1204 2727 a
1229 2684 1399 2728 commu-.

331 2765 432 2830 nione
459 2772 600 2830 sanctae
625 2765 680 2830 dei
706 2766 892 2830 aecclesiae
913 2773 948 2829 et
971 2784 993 2828 a
1018 2764 1282 2848 participatione
1306 2785 1382 2829 om-

332 2866 425 2930 nium
439 2873 637 2930 sanctorum
651 2866 718 2944 dei,
733 2873 769 2930 et
784 2866 933 2930 aeternis
947 2865 1085 2948 ignibus
1105 2883 1180 2928 esse
1202 2864 1382 2942 nodatum,

310 2965 398 3057 ¹nisi
422 2965 517 3049 prius
543 2965 647 3047 digne
674 2972 709 3030 et
733 2965 883 3048 perfecte
908 2965 963 3029 hic
985 2965 1021 3028 in
1038 2964 1177 3029 saeculo
1201 2964 1384 3028 emendare

331 3064 490 3130 uoluerit.
541 3065 678 3148 Scripta
707 3073 760 3130 cst
791 3066 876 3129 haec
905 3065 1040 3129 cartula
1070 3083 1161 3128 anno
1192 3064 1385 3129 dominicae

331 3164 575 3229 incarnationis
590 3182 795 3229 ccccxxiu.
806 3165 993 3230 indictione
1009 3181 1057 3228 vu
1069 3164 1123 3228 his
1138 3164 1284 3229 testibus
1299 3185 1384 3228 con·

332 3263 558 3329 sentientibus
583 3274 619 3331 ct
644 3264 744 3347 signo
773 3273 915 3331 sanctae
939 3265 1051 3328 crucis
1075 3262 1205 3328 Christi
1222 3263 1384 3328 confirm-

332 3366 468 3430 antibus
484 3384 628 3448 quorum
644 3366 784 3429 nomina
796 3365 887 3429 infra
898 3372 1060 3429 tenentur
1075 3365 1236 3447 ascripta.

387 3467 426 3546 ›1‹
447 3465 524 3546 Ego
536 3465 752 3548 Ecgberhtus
767 3485 830 3530 rex
846 3463 1041 3547 Anglorum
1058 3464 1149 3528 hanc
1162 3463 1402 3528 donationem.

332 3583 442 3628 meam
457 3565 558 3628 huius
571 3565 739 3630 libertatis
754 3566 855 3648 signo
870 3573 1011 3630 sanctae
1029 3565 1140 3628 crucis
1156 3563 1286 3629 Christi
1301 3584 1386 3628 con-

332 3664 468 3729 firmaui
495 3672 531 3730 et
559 3665 757 3749 subscripsi.
816 3665 950 3749 ›14Ego
980 3664 1186 3729 Aetheluulf
1209 3683 1271 3729 rex
1300 3683 1386 3728 con-

333 3765 425 3828 sensi
449 3772 485 3829 ct
510 3766 705 3848 subscripsi.
765 3768 804 3847 ›1‹
825 3766 902 3848 Ego
924 3764 1083 3830 Wulsred
1107 3764 1387 3846 archiepiscopus

332 3865 489 3928 consensi
519 3872 555 3930 et
583 3866 779 3948 subscripsi.
836 3866 875 3945 ›1‹
903 3864 989 3947 Ego=
1003 3862 1175 3946 Wigdegn
1201 3865 1387 3946 episcopus

332 3964 489 4028 consensi
511 3971 547 4028 ct
568 3965 766 4048 subscripsi.
835 3967 874 4046 ›1‹
894 3965 970 4046 Ego
999 3963 1170 4030 Ealhstan
1200 3965 1385 4046 episcopus

332 4065 489 4128 consensi
511 4072 546 4128 et
565 4066 762 4148 subscripsi.
820 4067 859 4146 ›1‹
878 4065 956 4146 Ego
981 4064 1177 4130 Beornmod
1202 4064 1406 4146 episcopus

331 4165 489 4228 consensi
511 4172 546 4229 ct
570 4163 782 4249 subscripsi.
824 4166 863 4245 ›1‹
883 4165 959 4247 Ego
985 4163 1174 4229 Wulshard
1201 4165 1272 4270 dur
1300 4183 1385 4228 con-
