<?xml version="1.0" encoding="UTF-8"?>
<!DOCTYPE html PUBLIC "-//W3C//DTD XHTML 1.0 Transitional//EN"
    "http://www.w3.org/TR/xhtml1/DTD/xhtml1-transitional.dtd">
<html xmlns="http://www.w3.org/1999/xhtml" xml:lang="en" lang="en">
 <head>
  <title>
</title>
<meta http-equiv="Content-Type" content="text/html;charset=utf-8" />
  <meta name='ocr-system' content='tesseract 3.04.00' />
  <meta name='ocr-capabilities' content='ocr_page ocr_carea ocr_par ocr_line ocrx_word'/>
</head>
<body>
  <div class='ocr_page' id='page_1' title='image "./codexdiplomatic04kembgoog_0347.png"; bbox 0 0 3112 5032; ppageno 0'>
   <div class='ocr_carea' id='block_1_1' title="bbox 322 401 1119 467">
    <p class='ocr_par' dir='ltr' id='par_1_1' title="bbox 322 401 1119 467">
     <span class='ocr_line' id='line_1_1' title="bbox 322 401 1119 467; baseline -0.003 0"><span class='ocrx_word' id='word_1_1' title='bbox 322 401 387 467; x_wconf 86' lang='grc'><strong>196</strong></span> <span class='ocrx_word' id='word_1_2' title='bbox 579 417 752 465; x_wconf 72' lang='lat' dir='ltr'>CHARTAE</span> <span class='ocrx_word' id='word_1_3' title='bbox 775 415 1119 465; x_wconf 73' lang='lat' dir='ltr'><strong>aucuosnxomorn.</strong></span> 
     </span>
    </p>
   </div>
   <div class='ocr_carea' id='block_1_2' title="bbox 324 573 1427 3856">
    <p class='ocr_par' dir='ltr' id='par_1_2' title="bbox 324 573 1427 3250">
     <span class='ocr_line' id='line_1_2' title="bbox 324 573 1427 651; baseline -0.003 -9"><span class='ocrx_word' id='word_1_4' title='bbox 324 577 411 642; x_wconf 89' lang='lat' dir='ltr'><strong>tium</strong></span> <span class='ocrx_word' id='word_1_5' title='bbox 436 573 641 640; x_wconf 90' lang='lat' dir='ltr'><strong>ubidicitur</strong></span> <span class='ocrx_word' id='word_1_6' title='bbox 661 573 914 651; x_wconf 90' lang='lat' dir='ltr'><strong>Scuccanhlau,</strong></span> <span class='ocrx_word' id='word_1_7' title='bbox 934 573 991 638; x_wconf 91' lang='lat' dir='ltr'><strong>uel</strong></span> <span class='ocrx_word' id='word_1_8' title='bbox 1011 573 1176 638; x_wconf 85' lang='lat' dir='ltr'><strong>Fentuun</strong></span> <span class='ocrx_word' id='word_1_9' title='bbox 1198 581 1276 638; x_wconf 87' lang='lat' dir='ltr'><strong>c&#39;um</strong></span> <span class='ocrx_word' id='word_1_10' title='bbox 1292 575 1383 640; x_wconf 89' lang='lat' dir='ltr'><strong>silua</strong></span> <span class='ocrx_word' id='word_1_11' title='bbox 1425 573 1427 576; x_wconf 71' lang='grc'>’</span> 
     </span>
     <span class='ocr_line' id='line_1_3' title="bbox 324 673 1384 760; baseline 0 -21"><span class='ocrx_word' id='word_1_12' title='bbox 324 695 414 760; x_wconf 91' lang='lat' dir='ltr'><strong>quae</strong></span> <span class='ocrx_word' id='word_1_13' title='bbox 427 675 689 757; x_wconf 84' lang='lat' dir='ltr'><strong>cognominatur</strong></span> <span class='ocrx_word' id='word_1_14' title='bbox 712 673 898 751; x_wconf 91' lang='lat' dir='ltr'><strong>Horuudu,</strong></span> <span class='ocrx_word' id='word_1_15' title='bbox 921 693 1000 737; x_wconf 93' lang='lat' dir='ltr'><strong>cum</strong></span> <span class='ocrx_word' id='word_1_16' title='bbox 1017 673 1174 737; x_wconf 90' lang='lat' dir='ltr'><strong>terminis</strong></span> <span class='ocrx_word' id='word_1_17' title='bbox 1200 676 1296 754; x_wconf 89' lang='lat' dir='ltr'><strong>suis;</strong></span> <span class='ocrx_word' id='word_1_18' title='bbox 1324 683 1384 739; x_wconf 90' lang='lat' dir='ltr'><strong>aet</strong></span> 
     </span>
     <span class='ocr_line' id='line_1_4' title="bbox 325 772 1382 860; baseline -0.003 -19"><span class='ocrx_word' id='word_1_19' title='bbox 325 777 521 860; x_wconf 83' lang='lat' dir='ltr'><strong>Lygetune,</strong></span> <span class='ocrx_word' id='word_1_20' title='bbox 537 791 571 839; x_wconf 78' lang='lat' dir='ltr'><strong>V.</strong></span> <span class='ocrx_word' id='word_1_21' title='bbox 586 775 799 856; x_wconf 88' lang='lat' dir='ltr'><strong>manentium</strong></span> <span class='ocrx_word' id='word_1_22' title='bbox 813 795 821 854; x_wconf 92' lang='lat'><strong>;</strong></span> <span class='ocrx_word' id='word_1_23' title='bbox 846 793 951 858; x_wconf 92' lang='lat' dir='ltr'><strong>quam</strong></span> <span class='ocrx_word' id='word_1_24' title='bbox 965 773 1129 838; x_wconf 90' lang='lat' dir='ltr'><strong>uidelicet</strong></span> <span class='ocrx_word' id='word_1_25' title='bbox 1149 781 1278 838; x_wconf 88' lang='lat' dir='ltr'><strong>terram</strong></span> <span class='ocrx_word' id='word_1_26' title='bbox 1291 772 1382 838; x_wconf 88' lang='lat' dir='ltr'><strong>Alb-</strong></span> 
     </span>
     <span class='ocr_line' id='line_1_5' title="bbox 325 872 1384 956; baseline -0.002 -16"><span class='ocrx_word' id='word_1_27' title='bbox 325 876 473 940; x_wconf 89' lang='lat' dir='ltr'><strong>mundus</strong></span> <span class='ocrx_word' id='word_1_28' title='bbox 485 876 604 952; x_wconf 89' lang='lat' dir='ltr'><strong>abbas,</strong></span> <span class='ocrx_word' id='word_1_29' title='bbox 613 873 869 956; x_wconf 85' lang='lat' dir='ltr'><strong>expeditionem</strong></span> <span class='ocrx_word' id='word_1_30' title='bbox 884 872 1151 954; x_wconf 83' lang='lat' dir='ltr'><strong>subterfugiens,</strong></span> <span class='ocrx_word' id='word_1_31' title='bbox 1163 874 1246 936; x_wconf 91' lang='lat' dir='ltr'><strong>mihi</strong></span> <span class='ocrx_word' id='word_1_32' title='bbox 1261 894 1384 938; x_wconf 89' lang='lat' dir='ltr'><strong>recon-</strong></span> 
     </span>
     <span class='ocr_line' id='line_1_6' title="bbox 327 973 1384 1056; baseline -0.001 -16"><span class='ocrx_word' id='word_1_33' title='bbox 327 975 512 1040; x_wconf 89' lang='lat' dir='ltr'><strong>ciliationis</strong></span> <span class='ocrx_word' id='word_1_34' title='bbox 528 975 643 1056; x_wconf 86' lang='lat' dir='ltr'><strong>gratia</strong></span> <span class='ocrx_word' id='word_1_35' title='bbox 657 975 774 1038; x_wconf 91' lang='lat' dir='ltr'><strong>dabat.</strong></span> <span class='ocrx_word' id='word_1_36' title='bbox 827 973 908 1055; x_wconf 94' lang='lat' dir='ltr'><strong>Hoc</strong></span> <span class='ocrx_word' id='word_1_37' title='bbox 921 993 1071 1056; x_wconf 91' lang='lat' dir='ltr'><strong>quoque,</strong></span> <span class='ocrx_word' id='word_1_38' title='bbox 1087 975 1384 1039; x_wconf 83' lang='lat' dir='ltr'><strong>consentientibus</strong></span> 
     </span>
     <span class='ocr_line' id='line_1_7' title="bbox 326 1073 1382 1158; baseline -0.002 -18"><span class='ocrx_word' id='word_1_39' title='bbox 326 1077 497 1158; x_wconf 89' lang='lat' dir='ltr'><strong>episcopis</strong></span> <span class='ocrx_word' id='word_1_40' title='bbox 518 1074 616 1151; x_wconf 76' lang='lat' dir='ltr'><strong>moia,</strong></span> <span class='ocrx_word' id='word_1_41' title='bbox 640 1081 676 1138; x_wconf 91' lang='lat' dir='ltr'><strong>et</strong></span> <span class='ocrx_word' id='word_1_42' title='bbox 698 1074 893 1150; x_wconf 89' lang='lat' dir='ltr'><strong>abbatibus,</strong></span> <span class='ocrx_word' id='word_1_43' title='bbox 919 1073 1064 1137; x_wconf 90' lang='lat' dir='ltr'><strong>ducibus</strong></span> <span class='ocrx_word' id='word_1_44' title='bbox 1090 1092 1132 1136; x_wconf 91' lang='lat' dir='ltr'><strong>ac</strong></span> <span class='ocrx_word' id='word_1_45' title='bbox 1155 1074 1382 1156; x_wconf 89' lang='lat' dir='ltr'><strong>principibus,</strong></span> 
     </span>
     <span class='ocr_line' id='line_1_8' title="bbox 327 1172 1383 1240; baseline 0 -2"><span class='ocrx_word' id='word_1_46' title='bbox 327 1176 391 1240; x_wconf 92' lang='lat' dir='ltr'><strong>sub</strong></span> <span class='ocrx_word' id='word_1_47' title='bbox 413 1173 633 1239; x_wconf 90' lang='lat' dir='ltr'><strong>inuocatione</strong></span> <span class='ocrx_word' id='word_1_48' title='bbox 653 1180 794 1237; x_wconf 80' lang='lat' dir='ltr'><strong>sanctae</strong></span> <span class='ocrx_word' id='word_1_49' title='bbox 814 1172 996 1237; x_wconf 77' lang='lat' dir='ltr'><strong>Trinitatis</strong></span> <span class='ocrx_word' id='word_1_50' title='bbox 1019 1180 1054 1236; x_wconf 92' lang='lat' dir='ltr'><strong>et</strong></span> <span class='ocrx_word' id='word_1_51' title='bbox 1070 1173 1270 1237; x_wconf 90' lang='lat' dir='ltr'><strong>indiuiduae</strong></span> <span class='ocrx_word' id='word_1_52' title='bbox 1293 1175 1383 1238; x_wconf 91' lang='lat' dir='ltr'><strong>Uni-</strong></span> 
     </span>
     <span class='ocr_line' id='line_1_9' title="bbox 327 1273 1385 1356; baseline -0.001 -17"><span class='ocrx_word' id='word_1_53' title='bbox 327 1276 423 1353; x_wconf 91' lang='lat' dir='ltr'><strong>tatis,</strong></span> <span class='ocrx_word' id='word_1_54' title='bbox 450 1273 611 1338; x_wconf 90' lang='lat' dir='ltr'><strong>donando</strong></span> <span class='ocrx_word' id='word_1_55' title='bbox 635 1273 821 1356; x_wconf 91' lang='lat' dir='ltr'><strong>praecipio,</strong></span> <span class='ocrx_word' id='word_1_56' title='bbox 843 1273 1007 1356; x_wconf 80' lang='lat' dir='ltr'><strong>quatinus</strong></span> <span class='ocrx_word' id='word_1_57' title='bbox 1029 1279 1105 1337; x_wconf 89' lang='lat' dir='ltr'><strong>tota</strong></span> <span class='ocrx_word' id='word_1_58' title='bbox 1131 1280 1225 1336; x_wconf 88' lang='lat' dir='ltr'><strong>terra</strong></span> <span class='ocrx_word' id='word_1_59' title='bbox 1249 1273 1311 1338; x_wconf 91' lang='lat' dir='ltr'><strong>illa</strong></span> <span class='ocrx_word' id='word_1_60' title='bbox 1334 1275 1385 1338; x_wconf 87' lang='lat' dir='ltr'><strong>sit</strong></span> 
     </span>
     <span class='ocr_line' id='line_1_10' title="bbox 326 1374 1383 1456; baseline 0 -18"><span class='ocrx_word' id='word_1_61' title='bbox 326 1375 435 1439; x_wconf 89' lang='lat' dir='ltr'><strong>libera</strong></span> <span class='ocrx_word' id='word_1_62' title='bbox 454 1377 498 1439; x_wconf 90' lang='lat' dir='ltr'><strong>ab</strong></span> <span class='ocrx_word' id='word_1_63' title='bbox 521 1374 615 1439; x_wconf 94' lang='lat' dir='ltr'><strong>omni</strong></span> <span class='ocrx_word' id='word_1_64' title='bbox 638 1374 779 1450; x_wconf 87' lang='lat' dir='ltr'><strong>tributo,</strong></span> <span class='ocrx_word' id='word_1_65' title='bbox 802 1380 837 1437; x_wconf 95' lang='lat' dir='ltr'><strong>et</strong></span> <span class='ocrx_word' id='word_1_66' title='bbox 859 1374 1077 1450; x_wconf 86' lang='lat' dir='ltr'><strong>necessitate,</strong></span> <span class='ocrx_word' id='word_1_67' title='bbox 1102 1391 1165 1436; x_wconf 92' lang='lat' dir='ltr'><strong>seu</strong></span> <span class='ocrx_word' id='word_1_68' title='bbox 1189 1375 1294 1456; x_wconf 81' lang='lat' dir='ltr'><strong>regis,</strong></span> <span class='ocrx_word' id='word_1_69' title='bbox 1319 1393 1383 1438; x_wconf 92' lang='lat' dir='ltr'><strong>seu</strong></span> 
     </span>
     <span class='ocr_line' id='line_1_11' title="bbox 329 1472 1383 1560; baseline -0.001 -22"><span class='ocrx_word' id='word_1_70' title='bbox 329 1475 494 1558; x_wconf 86' lang='lat' dir='ltr'><strong>episcopi,</strong></span> <span class='ocrx_word' id='word_1_71' title='bbox 509 1475 618 1551; x_wconf 91' lang='lat' dir='ltr'><strong>ducis,</strong></span> <span class='ocrx_word' id='word_1_72' title='bbox 632 1472 767 1550; x_wconf 91' lang='lat' dir='ltr'><strong>iudicis,</strong></span> <span class='ocrx_word' id='word_1_73' title='bbox 783 1480 996 1560; x_wconf 72' lang='lat' dir='ltr'><strong>exactorum,</strong></span> <span class='ocrx_word' id='word_1_74' title='bbox 1010 1480 1046 1537; x_wconf 90' lang='lat' dir='ltr'><strong>et</strong></span> <span class='ocrx_word' id='word_1_75' title='bbox 1065 1492 1208 1555; x_wconf 89' lang='lat' dir='ltr'><strong>operum</strong></span> <span class='ocrx_word' id='word_1_76' title='bbox 1223 1493 1313 1556; x_wconf 88' lang='lat' dir='ltr'><strong>quae</strong></span> <span class='ocrx_word' id='word_1_77' title='bbox 1327 1475 1383 1538; x_wconf 92' lang='lat' dir='ltr'><strong>in-</strong></span> 
     </span>
     <span class='ocr_line' id='line_1_12' title="bbox 328 1573 1384 1658; baseline 0 -20"><span class='ocrx_word' id='word_1_78' title='bbox 328 1575 396 1638; x_wconf 92' lang='lat' dir='ltr'><strong>dici</strong></span> <span class='ocrx_word' id='word_1_79' title='bbox 416 1574 547 1654; x_wconf 90' lang='lat' dir='ltr'><strong>solent;</strong></span> <span class='ocrx_word' id='word_1_80' title='bbox 576 1592 688 1655; x_wconf 91' lang='lat' dir='ltr'><strong>neque</strong></span> <span class='ocrx_word' id='word_1_81' title='bbox 707 1573 982 1637; x_wconf 81' lang='lat' dir='ltr'><strong>emendationem</strong></span> <span class='ocrx_word' id='word_1_82' title='bbox 1002 1573 1171 1656; x_wconf 88' lang='lat' dir='ltr'><strong>pontium,</strong></span> <span class='ocrx_word' id='word_1_83' title='bbox 1186 1594 1297 1658; x_wconf 90' lang='lat' dir='ltr'><strong>neque</strong></span> <span class='ocrx_word' id='word_1_84' title='bbox 1312 1573 1384 1638; x_wconf 90' lang='lat' dir='ltr'><strong>fos-</strong></span> 
     </span>
     <span class='ocr_line' id='line_1_13' title="bbox 328 1672 1386 1757; baseline 0 -19"><span class='ocrx_word' id='word_1_85' title='bbox 328 1693 403 1738; x_wconf 90' lang='lat' dir='ltr'><strong>sam</strong></span> <span class='ocrx_word' id='word_1_86' title='bbox 417 1675 598 1738; x_wconf 88' lang='lat' dir='ltr'><strong>aduersum</strong></span> <span class='ocrx_word' id='word_1_87' title='bbox 608 1674 765 1737; x_wconf 88' lang='lat' dir='ltr'><strong>inimicos</strong></span> <span class='ocrx_word' id='word_1_88' title='bbox 778 1672 982 1737; x_wconf 87' lang='lat' dir='ltr'><strong>faciendam.</strong></span> <span class='ocrx_word' id='word_1_89' title='bbox 1027 1672 1157 1736; x_wconf 89' lang='lat' dir='ltr'><strong>Totum</strong></span> <span class='ocrx_word' id='word_1_90' title='bbox 1167 1672 1269 1738; x_wconf 83' lang='lat' dir='ltr'><strong>omn&#39;e</strong></span> <span class='ocrx_word' id='word_1_91' title='bbox 1283 1694 1386 1757; x_wconf 91' lang='lat' dir='ltr'><strong>prae·</strong></span> 
     </span>
     <span class='ocr_line' id='line_1_14' title="bbox 328 1773 1385 1860; baseline 0 -24"><span class='ocrx_word' id='word_1_92' title='bbox 328 1773 421 1838; x_wconf 88' lang='lat' dir='ltr'><strong>fatae</strong></span> <span class='ocrx_word' id='word_1_93' title='bbox 439 1781 550 1838; x_wconf 89' lang='lat' dir='ltr'><strong>terrae</strong></span> <span class='ocrx_word' id='word_1_94' title='bbox 571 1773 779 1855; x_wconf 89' lang='lat' dir='ltr'><strong>stipendium</strong></span> <span class='ocrx_word' id='word_1_95' title='bbox 797 1779 832 1836; x_wconf 90' lang='lat' dir='ltr'><strong>et</strong></span> <span class='ocrx_word' id='word_1_96' title='bbox 854 1773 991 1838; x_wconf 85' lang='lat' dir='ltr'><strong>exactio</strong></span> <span class='ocrx_word' id='word_1_97' title='bbox 1014 1773 1058 1836; x_wconf 90' lang='lat' dir='ltr'><strong>ad</strong></span> <span class='ocrx_word' id='word_1_98' title='bbox 1081 1773 1270 1860; x_wconf 85' lang='lat' dir='ltr'><strong>supradicti</strong></span> <span class='ocrx_word' id='word_1_99' title='bbox 1292 1794 1385 1836; x_wconf 89' lang='lat' dir='ltr'><strong>mar-</strong></span> 
     </span>
     <span class='ocr_line' id='line_1_15' title="bbox 329 1871 1384 1956; baseline 0 -18"><span class='ocrx_word' id='word_1_100' title='bbox 329 1874 418 1956; x_wconf 90' lang='lat' dir='ltr'><strong>tyris</strong></span> <span class='ocrx_word' id='word_1_101' title='bbox 446 1873 599 1938; x_wconf 92' lang='lat' dir='ltr'><strong>tumbam</strong></span> <span class='ocrx_word' id='word_1_102' title='bbox 628 1871 858 1936; x_wconf 90' lang='lat' dir='ltr'><strong>insolubiliter</strong></span> <span class='ocrx_word' id='word_1_103' title='bbox 882 1871 1122 1955; x_wconf 79' lang='lat' dir='ltr'><strong>persoluetur.¹</strong></span> <span class='ocrx_word' id='word_1_104' title='bbox 1162 1873 1210 1938; x_wconf 90' lang='lat' dir='ltr'><strong>Et</strong></span> <span class='ocrx_word' id='word_1_105' title='bbox 1233 1875 1265 1938; x_wconf 90' lang='lat' dir='ltr'><strong>si</strong></span> <span class='ocrx_word' id='word_1_106' title='bbox 1292 1873 1384 1938; x_wconf 90' lang='lat' dir='ltr'><strong>forte</strong></span> 
     </span>
     <span class='ocr_line' id='line_1_16' title="bbox 329 1972 1384 2057; baseline 0 -19"><span class='ocrx_word' id='word_1_107' title='bbox 329 1974 406 2057; x_wconf 88' lang='lat' dir='ltr'><strong>quis</strong></span> <span class='ocrx_word' id='word_1_108' title='bbox 432 1973 525 2038; x_wconf 89' lang='lat' dir='ltr'><strong>intra</strong></span> <span class='ocrx_word' id='word_1_109' title='bbox 549 1973 700 2038; x_wconf 92' lang='lat' dir='ltr'><strong>eiusdem</strong></span> <span class='ocrx_word' id='word_1_110' title='bbox 730 1972 916 2036; x_wconf 85' lang='lat' dir='ltr'><strong>aecclesiae</strong></span> <span class='ocrx_word' id='word_1_111' title='bbox 943 1979 1151 2055; x_wconf 89' lang='lat' dir='ltr'><strong>potestatem</strong></span> <span class='ocrx_word' id='word_1_112' title='bbox 1178 1981 1241 2038; x_wconf 87' lang='lat' dir='ltr'><strong>aut</strong></span> <span class='ocrx_word' id='word_1_113' title='bbox 1269 1980 1384 2053; x_wconf 85' lang='lat' dir='ltr'><strong>extra,</strong></span> 
     </span>
     <span class='ocr_line' id='line_1_17' title="bbox 329 2070 1383 2156; baseline 0.001 -19"><span class='ocrx_word' id='word_1_114' title='bbox 329 2094 407 2137; x_wconf 88' lang='lat' dir='ltr'><strong>curn</strong></span> <span class='ocrx_word' id='word_1_115' title='bbox 422 2074 583 2156; x_wconf 90' lang='lat' dir='ltr'><strong>episcopo</strong></span> <span class='ocrx_word' id='word_1_116' title='bbox 606 2092 668 2137; x_wconf 90' lang='lat' dir='ltr'><strong>seu</strong></span> <span class='ocrx_word' id='word_1_117' title='bbox 690 2073 814 2136; x_wconf 78' lang='lat' dir='ltr'><strong>abbate</strong></span> <span class='ocrx_word' id='word_1_118' title='bbox 838 2072 1028 2137; x_wconf 90' lang='lat' dir='ltr'><strong>communis</strong></span> <span class='ocrx_word' id='word_1_119' title='bbox 1047 2070 1256 2151; x_wconf 88' lang='lat' dir='ltr'><strong>inueniatur,</strong></span> <span class='ocrx_word' id='word_1_120' title='bbox 1277 2075 1383 2152; x_wconf 91' lang='lat' dir='ltr'><strong>bello,</strong></span> 
     </span>
     <span class='ocr_line' id='line_1_18' title="bbox 328 2173 1383 2256; baseline 0.002 -20"><span class='ocrx_word' id='word_1_121' title='bbox 328 2174 433 2250; x_wconf 89' lang='lat' dir='ltr'><strong>furto,</strong></span> <span class='ocrx_word' id='word_1_122' title='bbox 450 2174 508 2238; x_wconf 92' lang='lat' dir='ltr'><strong>uel</strong></span> <span class='ocrx_word' id='word_1_123' title='bbox 526 2173 763 2249; x_wconf 86' lang='lat' dir='ltr'><strong>fornicatione,</strong></span> <span class='ocrx_word' id='word_1_124' title='bbox 793 2180 855 2236; x_wconf 90' lang='lat' dir='ltr'><strong>aut</strong></span> <span class='ocrx_word' id='word_1_125' title='bbox 884 2173 953 2236; x_wconf 87' lang='lat' dir='ltr'><strong>alio</strong></span> <span class='ocrx_word' id='word_1_126' title='bbox 978 2173 1131 2256; x_wconf 87' lang='lat' dir='ltr'><strong>quolibet</strong></span> <span class='ocrx_word' id='word_1_127' title='bbox 1153 2173 1257 2237; x_wconf 89' lang='lat' dir='ltr'><strong>simili</strong></span> <span class='ocrx_word' id='word_1_128' title='bbox 1280 2181 1383 2239; x_wconf 88' lang='lat' dir='ltr'><strong>reatu</strong></span> 
     </span>
     <span class='ocr_line' id='line_1_19' title="bbox 327 2273 1382 2357; baseline 0.003 -20"><span class='ocrx_word' id='word_1_129' title='bbox 327 2273 510 2353; x_wconf 77' lang='lat' dir='ltr'><strong>ostricurs3</strong></span> <span class='ocrx_word' id='word_1_130' title='bbox 534 2293 669 2356; x_wconf 88' lang='lat' dir='ltr'><strong>semper</strong></span> <span class='ocrx_word' id='word_1_131' title='bbox 682 2292 723 2337; x_wconf 90' lang='lat' dir='ltr'><strong>ea</strong></span> <span class='ocrx_word' id='word_1_132' title='bbox 733 2291 815 2355; x_wconf 89' lang='lat' dir='ltr'><strong>pars</strong></span> <span class='ocrx_word' id='word_1_133' title='bbox 831 2292 963 2355; x_wconf 85' lang='lat' dir='ltr'><strong>poenae</strong></span> <span class='ocrx_word' id='word_1_134' title='bbox 977 2280 1012 2337; x_wconf 88' lang='lat' dir='ltr'><strong>et</strong></span> <span class='ocrx_word' id='word_1_135' title='bbox 1027 2273 1276 2337; x_wconf 87' lang='lat' dir='ltr'><strong>emendationis</strong></span> <span class='ocrx_word' id='word_1_136' title='bbox 1291 2294 1382 2357; x_wconf 89' lang='lat' dir='ltr'><strong>quae</strong></span> 
     </span>
     <span class='ocr_line' id='line_1_20' title="bbox 327 2371 1384 2456; baseline 0.002 -20"><span class='ocrx_word' id='word_1_137' title='bbox 327 2373 401 2455; x_wconf 85' lang='lat' dir='ltr'><strong>regi</strong></span> <span class='ocrx_word' id='word_1_138' title='bbox 415 2375 472 2438; x_wconf 90' lang='lat' dir='ltr'><strong>uel</strong></span> <span class='ocrx_word' id='word_1_139' title='bbox 483 2375 645 2456; x_wconf 87' lang='lat' dir='ltr'><strong>episcopo</strong></span> <span class='ocrx_word' id='word_1_140' title='bbox 653 2372 814 2450; x_wconf 89' lang='lat' dir='ltr'><strong>debetur,</strong></span> <span class='ocrx_word' id='word_1_141' title='bbox 827 2373 871 2436; x_wconf 91' lang='lat' dir='ltr'><strong>ad</strong></span> <span class='ocrx_word' id='word_1_142' title='bbox 886 2371 980 2438; x_wconf 88' lang='lat' dir='ltr'><strong>beati</strong></span> <span class='ocrx_word' id='word_1_143' title='bbox 989 2371 1121 2437; x_wconf 85' lang='lat' dir='ltr'><strong>Albani</strong></span> <span class='ocrx_word' id='word_1_144' title='bbox 1134 2376 1384 2438; x_wconf 86' lang='lat' dir='ltr'><strong>monasterium</strong></span> 
     </span>
     <span class='ocr_line' id='line_1_21' title="bbox 326 2471 1384 2556; baseline 0.003 -20"><span class='ocrx_word' id='word_1_145' title='bbox 326 2473 495 2538; x_wconf 88' lang='lat' dir='ltr'><strong>inuiolato</strong></span> <span class='ocrx_word' id='word_1_146' title='bbox 522 2494 658 2556; x_wconf 88' lang='lat' dir='ltr'><strong>semper</strong></span> <span class='ocrx_word' id='word_1_147' title='bbox 684 2472 822 2537; x_wconf 87' lang='lat' dir='ltr'><strong>foedere</strong></span> <span class='ocrx_word' id='word_1_148' title='bbox 844 2473 1019 2537; x_wconf 86' lang='lat' dir='ltr'><strong>reddatur.</strong></span> <span class='ocrx_word' id='word_1_149' title='bbox 1055 2527 1059 2532; x_wconf 87' lang='lat'><strong>.</strong></span> <span class='ocrx_word' id='word_1_150' title='bbox 1083 2471 1195 2537; x_wconf 86' lang='lat' dir='ltr'><strong>Credo</strong></span> <span class='ocrx_word' id='word_1_151' title='bbox 1224 2474 1315 2538; x_wconf 93' lang='lat' dir='ltr'><strong>enim</strong></span> <span class='ocrx_word' id='word_1_152' title='bbox 1347 2483 1384 2539; x_wconf 88' lang='lat' dir='ltr'><strong>et</strong></span> 
     </span>
     <span class='ocr_line' id='line_1_22' title="bbox 327 2572 1382 2656; baseline 0.002 -20"><span class='ocrx_word' id='word_1_153' title='bbox 327 2575 496 2638; x_wconf 89' lang='lat' dir='ltr'><strong>ueraciter</strong></span> <span class='ocrx_word' id='word_1_154' title='bbox 516 2575 662 2650; x_wconf 87' lang='lat' dir='ltr'><strong>confido,</strong></span> <span class='ocrx_word' id='word_1_155' title='bbox 685 2572 777 2656; x_wconf 93' lang='lat' dir='ltr'><strong>quod</strong></span> <span class='ocrx_word' id='word_1_156' title='bbox 805 2573 889 2636; x_wconf 89' lang='lat' dir='ltr'><strong>haec</strong></span> <span class='ocrx_word' id='word_1_157' title='bbox 915 2572 1150 2637; x_wconf 85' lang='lat' dir='ltr'><strong>munificentia</strong></span> <span class='ocrx_word' id='word_1_158' title='bbox 1173 2579 1243 2637; x_wconf 87' lang='lat' dir='ltr'><strong>non</strong></span> <span class='ocrx_word' id='word_1_159' title='bbox 1265 2575 1382 2638; x_wconf 88' lang='lat' dir='ltr'><strong>solum</strong></span> 
     </span>
     <span class='ocr_line' id='line_1_23' title="bbox 325 2671 1383 2758; baseline 0.002 -22"><span class='ocrx_word' id='word_1_160' title='bbox 325 2673 410 2736; x_wconf 90' lang='lat' dir='ltr'><strong>mihi</strong></span> <span class='ocrx_word' id='word_1_161' title='bbox 431 2675 596 2758; x_wconf 89' lang='lat' dir='ltr'><strong>meisque,</strong></span> <span class='ocrx_word' id='word_1_162' title='bbox 621 2673 808 2737; x_wconf 90' lang='lat' dir='ltr'><strong>sedetiam</strong></span> <span class='ocrx_word' id='word_1_163' title='bbox 834 2673 1005 2738; x_wconf 91' lang='lat' dir='ltr'><strong>uniuersis</strong></span> <span class='ocrx_word' id='word_1_164' title='bbox 1025 2671 1218 2753; x_wconf 87' lang='lat' dir='ltr'><strong>Anglorum</strong></span> <span class='ocrx_word' id='word_1_165' title='bbox 1243 2675 1383 2757; x_wconf 89' lang='lat' dir='ltr'><strong>populis</strong></span> 
     </span>
     <span class='ocr_line' id='line_1_24' title="bbox 327 2772 1383 2857; baseline 0 -19"><span class='ocrx_word' id='word_1_166' title='bbox 327 2773 519 2838; x_wconf 90' lang='lat' dir='ltr'><strong>sublimiter</strong></span> <span class='ocrx_word' id='word_1_167' title='bbox 546 2774 715 2857; x_wconf 90' lang='lat' dir='ltr'><strong>proficiat,</strong></span> <span class='ocrx_word' id='word_1_168' title='bbox 748 2772 830 2855; x_wconf 93' lang='lat' dir='ltr'><strong>quia</strong></span> <span class='ocrx_word' id='word_1_169' title='bbox 858 2793 922 2856; x_wconf 91' lang='lat' dir='ltr'><strong>pro</strong></span> <span class='ocrx_word' id='word_1_170' title='bbox 953 2773 1027 2836; x_wconf 88' lang='lat' dir='ltr'><strong>eius</strong></span> <span class='ocrx_word' id='word_1_171' title='bbox 1059 2792 1173 2836; x_wconf 93' lang='lat' dir='ltr'><strong>amore</strong></span> <span class='ocrx_word' id='word_1_172' title='bbox 1194 2773 1253 2837; x_wconf 94' lang='lat' dir='ltr'><strong>ille</strong></span> <span class='ocrx_word' id='word_1_173' title='bbox 1282 2775 1383 2838; x_wconf 88' lang='lat' dir='ltr'><strong>miles</strong></span> 
     </span>
     <span class='ocr_line' id='line_1_25' title="bbox 325 2871 1383 2957; baseline 0.004 -22"><span class='ocrx_word' id='word_1_174' title='bbox 325 2873 517 2957; x_wconf 89' lang='lat' dir='ltr'><strong>intrepidus</strong></span> <span class='ocrx_word' id='word_1_175' title='bbox 537 2873 661 2938; x_wconf 82' lang='lat' dir='ltr'><strong>meruit</strong></span> <span class='ocrx_word' id='word_1_176' title='bbox 681 2872 851 2950; x_wconf 85' lang='lat' dir='ltr'><strong>coronari,</strong></span> <span class='ocrx_word' id='word_1_177' title='bbox 873 2873 934 2956; x_wconf 92' lang='lat' dir='ltr'><strong>qui</strong></span> <span class='ocrx_word' id='word_1_178' title='bbox 952 2872 1060 2937; x_wconf 89' lang='lat' dir='ltr'><strong>totius</strong></span> <span class='ocrx_word' id='word_1_179' title='bbox 1083 2871 1203 2936; x_wconf 92' lang='lat' dir='ltr'><strong>mundi</strong></span> <span class='ocrx_word' id='word_1_180' title='bbox 1227 2874 1383 2956; x_wconf 86' lang='lat' dir='ltr'><strong>pericula</strong></span> 
     </span>
     <span class='ocr_line' id='line_1_26' title="bbox 328 2971 1385 3056; baseline 0.003 -21"><span class='ocrx_word' id='word_1_181' title='bbox 328 2992 452 3055; x_wconf 87' lang='lat' dir='ltr'><strong>passus</strong></span> <span class='ocrx_word' id='word_1_182' title='bbox 475 2981 528 3038; x_wconf 87' lang='lat' dir='ltr'><strong>est</strong></span> <span class='ocrx_word' id='word_1_183' title='bbox 543 2993 607 3038; x_wconf 92' lang='lat' dir='ltr'><strong>suo</strong></span> <span class='ocrx_word' id='word_1_184' title='bbox 628 2972 795 3056; x_wconf 84' lang='lat' dir='ltr'><strong>sanguine</strong></span> <span class='ocrx_word' id='word_1_185' title='bbox 815 2973 968 3055; x_wconf 87' lang='lat' dir='ltr'><strong>expiare.</strong></span> <span class='ocrx_word' id='word_1_186' title='bbox 1020 2971 1122 3036; x_wconf 92' lang='lat' dir='ltr'><strong>Haec</strong></span> <span class='ocrx_word' id='word_1_187' title='bbox 1141 2979 1222 3036; x_wconf 88' lang='lat' dir='ltr'><strong>sunt</strong></span> <span class='ocrx_word' id='word_1_188' title='bbox 1242 2974 1385 3039; x_wconf 90' lang='lat' dir='ltr'><strong>nomina</strong></span> 
     </span>
     <span class='ocr_line' id='line_1_27' title="bbox 326 3072 1387 3157; baseline 0.003 -21"><span class='ocrx_word' id='word_1_189' title='bbox 326 3074 468 3136; x_wconf 89' lang='lat' dir='ltr'><strong>testium</strong></span> <span class='ocrx_word' id='word_1_190' title='bbox 484 3075 543 3156; x_wconf 92' lang='lat' dir='ltr'><strong>qui</strong></span> <span class='ocrx_word' id='word_1_191' title='bbox 557 3074 646 3138; x_wconf 88' lang='lat' dir='ltr'><strong>hanc</strong></span> <span class='ocrx_word' id='word_1_192' title='bbox 658 3072 880 3136; x_wconf 90' lang='lat' dir='ltr'><strong>donationem</strong></span> <span class='ocrx_word' id='word_1_193' title='bbox 893 3092 1005 3136; x_wconf 88' lang='lat' dir='ltr'><strong>meam</strong></span> <span class='ocrx_word' id='word_1_194' title='bbox 1016 3073 1267 3136; x_wconf 87' lang='lat' dir='ltr'><strong>consentientes</strong></span> <span class='ocrx_word' id='word_1_195' title='bbox 1282 3075 1387 3157; x_wconf 79' lang='lat' dir='ltr'><strong>signo</strong></span> 
     </span>
     <span class='ocr_line' id='line_1_28' title="bbox 329 3172 1385 3250; baseline -0.004 -14"><span class='ocrx_word' id='word_1_196' title='bbox 329 3172 442 3236; x_wconf 90' lang='lat' dir='ltr'><strong>crucis</strong></span> <span class='ocrx_word' id='word_1_197' title='bbox 459 3172 589 3250; x_wconf 83' lang='lat' dir='ltr'><strong>Christi</strong></span> <span class='ocrx_word' id='word_1_198' title='bbox 603 3174 860 3246; x_wconf 87' lang='lat' dir='ltr'><strong>confirmarunt.</strong></span> <span class='ocrx_word' id='word_1_199' title='bbox 914 3176 916 3180; x_wconf 85' lang='grc'><strong>’</strong></span> <span class='ocrx_word' id='word_1_200' title='bbox 1381 3227 1385 3232; x_wconf 94' lang='grc'><em>.</em></span> 
     </span>
    </p>

    <p class='ocr_par' dir='ltr' id='par_1_3' title="bbox 326 3270 1386 3856">
     <span class='ocr_line' id='line_1_29' title="bbox 384 3270 1384 3355; baseline 0.002 -19"><span class='ocrx_word' id='word_1_201' title='bbox 384 3273 423 3354; x_wconf 77' lang='lat'><strong>›1‹</strong></span> <span class='ocrx_word' id='word_1_202' title='bbox 432 3343 438 3350; x_wconf 16' lang='grc' dir='ltr'><strong>,Δ</strong></span> <span class='ocrx_word' id='word_1_203' title='bbox 445 3273 521 3355; x_wconf 84' lang='lat' dir='ltr'><strong>Ego</strong></span> <span class='ocrx_word' id='word_1_204' title='bbox 534 3273 615 3337; x_wconf 87' lang='lat' dir='ltr'><strong>Offa</strong></span> <span class='ocrx_word' id='word_1_205' title='bbox 629 3293 693 3336; x_wconf 84' lang='lat' dir='ltr'><strong>rex</strong></span> <span class='ocrx_word' id='word_1_206' title='bbox 707 3271 786 3336; x_wconf 89' lang='lat' dir='ltr'><strong>huic</strong></span> <span class='ocrx_word' id='word_1_207' title='bbox 801 3270 980 3336; x_wconf 86' lang='lat' dir='ltr'><strong>donationi</strong></span> <span class='ocrx_word' id='word_1_208' title='bbox 995 3289 1093 3335; x_wconf 89' lang='lat' dir='ltr'><strong>meae</strong></span> <span class='ocrx_word' id='word_1_209' title='bbox 1113 3271 1252 3354; x_wconf 88' lang='lat' dir='ltr'><strong>signum</strong></span> <span class='ocrx_word' id='word_1_210' title='bbox 1270 3274 1384 3338; x_wconf 87' lang='lat' dir='ltr'><strong>crucis</strong></span> 
     </span>
     <span class='ocr_line' id='line_1_30' title="bbox 328 3370 1384 3456; baseline 0.002 -20"><span class='ocrx_word' id='word_1_211' title='bbox 328 3371 468 3456; x_wconf 90' lang='lat' dir='ltr'><strong>inpono.</strong></span> <span class='ocrx_word' id='word_1_212' title='bbox 534 3375 573 3456; x_wconf 53' lang='grc' dir='ltr'>ᾖ</span> <span class='ocrx_word' id='word_1_213' title='bbox 605 3373 681 3453; x_wconf 84' lang='lat' dir='ltr'><strong>Ego</strong></span> <span class='ocrx_word' id='word_1_214' title='bbox 713 3370 897 3454; x_wconf 83' lang='lat' dir='ltr'><strong>Ecgfridus</strong></span> <span class='ocrx_word' id='word_1_215' title='bbox 926 3378 1092 3454; x_wconf 90' lang='lat' dir='ltr'><strong>paternae</strong></span> <span class='ocrx_word' id='word_1_216' title='bbox 1128 3373 1384 3438; x_wconf 89' lang='lat' dir='ltr'><strong>munificentiae</strong></span> 
     </span>
     <span class='ocr_line' id='line_1_31' title="bbox 327 3469 1384 3557; baseline 0.003 -21"><span class='ocrx_word' id='word_1_217' title='bbox 327 3473 546 3544; x_wconf 89' lang='lat' dir='ltr'><strong>consentiens</strong></span> <span class='ocrx_word' id='word_1_218' title='bbox 571 3472 772 3554; x_wconf 90' lang='lat' dir='ltr'><strong>subscripsi.</strong></span> <span class='ocrx_word' id='word_1_219' title='bbox 828 3473 868 3554; x_wconf 73' lang='lat'><strong>›1‹</strong></span> <span class='ocrx_word' id='word_1_220' title='bbox 893 3471 970 3552; x_wconf 85' lang='lat' dir='ltr'><strong>Ego</strong></span> <span class='ocrx_word' id='word_1_221' title='bbox 993 3469 1187 3554; x_wconf 85' lang='lat' dir='ltr'><strong>Higbertus</strong></span> <span class='ocrx_word' id='word_1_222' title='bbox 1213 3473 1384 3557; x_wconf 90' lang='lat' dir='ltr'><strong>archiepi-</strong></span> 
     </span>
     <span class='ocr_line' id='line_1_32' title="bbox 328 3570 1386 3657; baseline 0.003 -22"><span class='ocrx_word' id='word_1_223' title='bbox 328 3590 453 3656; x_wconf 90' lang='lat' dir='ltr'><strong>scopus</strong></span> <span class='ocrx_word' id='word_1_224' title='bbox 469 3572 627 3638; x_wconf 88' lang='lat' dir='ltr'><strong>consensi</strong></span> <span class='ocrx_word' id='word_1_225' title='bbox 642 3580 677 3636; x_wconf 92' lang='lat' dir='ltr'><strong>et</strong></span> <span class='ocrx_word' id='word_1_226' title='bbox 692 3571 890 3653; x_wconf 90' lang='lat' dir='ltr'><strong>subscripsi.</strong></span> <span class='ocrx_word' id='word_1_227' title='bbox 947 3572 986 3653; x_wconf 77' lang='lat'><strong>›1‹</strong></span> <span class='ocrx_word' id='word_1_228' title='bbox 1007 3570 1083 3653; x_wconf 85' lang='lat' dir='ltr'><strong>Ego</strong></span> <span class='ocrx_word' id='word_1_229' title='bbox 1096 3570 1297 3636; x_wconf 77' lang='lat' dir='ltr'><strong>ceoluulfus</strong></span> <span class='ocrx_word' id='word_1_230' title='bbox 1311 3575 1386 3657; x_wconf 92' lang='lat' dir='ltr'><strong>epi-</strong></span> 
     </span>
     <span class='ocr_line' id='line_1_33' title="bbox 326 3669 1385 3757; baseline 0.003 -22"><span class='ocrx_word' id='word_1_231' title='bbox 326 3673 453 3756; x_wconf 83' lang='lat' dir='ltr'><strong>scopus</strong></span> <span class='ocrx_word' id='word_1_232' title='bbox 468 3672 675 3737; x_wconf 83' lang='lat' dir='ltr'><strong>consensiet</strong></span> <span class='ocrx_word' id='word_1_233' title='bbox 690 3669 889 3753; x_wconf 89' lang='lat' dir='ltr'><strong>subscripsi.</strong></span> <span class='ocrx_word' id='word_1_234' title='bbox 946 3672 986 3753; x_wconf 55' lang='grc' dir='ltr'><strong>’ᾧ</strong></span> <span class='ocrx_word' id='word_1_235' title='bbox 1003 3670 1080 3752; x_wconf 83' lang='lat' dir='ltr'><strong>Ego</strong></span> <span class='ocrx_word' id='word_1_236' title='bbox 1092 3670 1295 3737; x_wconf 81' lang='lat' dir='ltr'><strong>Heatbored</strong></span> <span class='ocrx_word' id='word_1_237' title='bbox 1310 3675 1385 3757; x_wconf 91' lang='lat' dir='ltr'><strong>epi·</strong></span> 
     </span>
     <span class='ocr_line' id='line_1_34' title="bbox 328 3769 1385 3856; baseline 0.001 -21"><span class='ocrx_word' id='word_1_238' title='bbox 328 3791 454 3855; x_wconf 90' lang='lat' dir='ltr'><strong>scopus</strong></span> <span class='ocrx_word' id='word_1_239' title='bbox 475 3771 633 3837; x_wconf 78' lang='lat' dir='ltr'><strong>consensi</strong></span> <span class='ocrx_word' id='word_1_240' title='bbox 648 3780 684 3836; x_wconf 92' lang='lat' dir='ltr'><strong>et</strong></span> <span class='ocrx_word' id='word_1_241' title='bbox 699 3769 898 3853; x_wconf 89' lang='lat' dir='ltr'><strong>subscripsi.</strong></span> <span class='ocrx_word' id='word_1_242' title='bbox 955 3772 994 3853; x_wconf 77' lang='lat'><strong>›1‹</strong></span> <span class='ocrx_word' id='word_1_243' title='bbox 1015 3770 1091 3852; x_wconf 87' lang='lat' dir='ltr'><strong>Ego</strong></span> <span class='ocrx_word' id='word_1_244' title='bbox 1112 3770 1290 3836; x_wconf 89' lang='lat' dir='ltr'><strong>Unuuoua</strong></span> <span class='ocrx_word' id='word_1_245' title='bbox 1311 3773 1385 3856; x_wconf 92' lang='lat' dir='ltr'><strong>epi-</strong></span> 
     </span>
    </p>
   </div>
   <div class='ocr_carea' id='block_1_3' title="bbox 327 3869 1385 4053">
    <p class='ocr_par' dir='ltr' id='par_1_4' title="bbox 327 3869 1385 4053">
     <span class='ocr_line' id='line_1_35' title="bbox 327 3869 1385 3956; baseline 0.002 -21"><span class='ocrx_word' id='word_1_246' title='bbox 327 3891 453 3956; x_wconf 90' lang='lat' dir='ltr'><strong>scopus</strong></span> <span class='ocrx_word' id='word_1_247' title='bbox 488 3872 647 3944; x_wconf 87' lang='lat' dir='ltr'><strong>consensi</strong></span> <span class='ocrx_word' id='word_1_248' title='bbox 664 3879 710 3935; x_wconf 89' lang='lat' dir='ltr'><strong>et</strong></span> <span class='ocrx_word' id='word_1_249' title='bbox 738 3870 952 3952; x_wconf 82' lang='lat' dir='ltr'><strong>subscripsi.</strong></span> <span class='ocrx_word' id='word_1_250' title='bbox 1009 3871 1049 3952; x_wconf 55' lang='grc' dir='ltr'><strong>’ᾧ</strong></span> <span class='ocrx_word' id='word_1_251' title='bbox 1078 3869 1222 3950; x_wconf 84' lang='lat' dir='ltr'><strong>Signum</strong></span> <span class='ocrx_word' id='word_1_252' title='bbox 1259 3893 1385 3938; x_wconf 90' lang='lat' dir='ltr'><strong>manus</strong></span> 
     </span>
     <span class='ocr_line' id='line_1_36' title="bbox 327 3969 1383 4053; baseline 0.003 -18"><span class='ocrx_word' id='word_1_253' title='bbox 327 3970 517 4036; x_wconf 87' lang='lat' dir='ltr'><strong>Albmundi</strong></span> <span class='ocrx_word' id='word_1_254' title='bbox 555 3971 699 4037; x_wconf 87' lang='lat' dir='ltr'><strong>abbatis.</strong></span> <span class='ocrx_word' id='word_1_255' title='bbox 766 3972 806 4053; x_wconf 73' lang='lat'><strong>›1‹</strong></span> <span class='ocrx_word' id='word_1_256' title='bbox 838 3970 982 4052; x_wconf 84' lang='lat' dir='ltr'><strong>Signum</strong></span> <span class='ocrx_word' id='word_1_257' title='bbox 1029 3969 1199 4035; x_wconf 89' lang='lat' dir='ltr'><strong>Beonnan</strong></span> <span class='ocrx_word' id='word_1_258' title='bbox 1232 3973 1383 4038; x_wconf 78' lang='lat' dir='ltr'><strong>abbatis.</strong></span> 
     </span>
    </p>
   </div>
   <div class='ocr_carea' id='block_1_4' title="bbox 325 4069 1386 4255">
    <p class='ocr_par' dir='ltr' id='par_1_5' title="bbox 325 4069 1386 4255">
     <span class='ocr_line' id='line_1_37' title="bbox 330 4069 1386 4154; baseline 0.001 -18"><span class='ocrx_word' id='word_1_259' title='bbox 330 4073 370 4154; x_wconf 73' lang='lat'><strong>›1‹</strong></span> <span class='ocrx_word' id='word_1_260' title='bbox 399 4072 545 4154; x_wconf 85' lang='lat' dir='ltr'><strong>Signum</strong></span> <span class='ocrx_word' id='word_1_261' title='bbox 568 4069 760 4136; x_wconf 90' lang='lat' dir='ltr'><strong>Uuimundi</strong></span> <span class='ocrx_word' id='word_1_262' title='bbox 775 4070 924 4133; x_wconf 89' lang='lat' dir='ltr'><strong>abbatis.</strong></span> <span class='ocrx_word' id='word_1_263' title='bbox 981 4070 1020 4151; x_wconf 76' lang='lat'><strong>›1‹</strong></span> <span class='ocrx_word' id='word_1_264' title='bbox 1040 4070 1184 4150; x_wconf 90' lang='lat' dir='ltr'><strong>Signum</strong></span> <span class='ocrx_word' id='word_1_265' title='bbox 1199 4070 1386 4138; x_wconf 90' lang='lat' dir='ltr'><strong>Forthredi</strong></span> 
     </span>
     <span class='ocr_line' id='line_1_38' title="bbox 325 4169 1383 4255; baseline 0.005 -23"><span class='ocrx_word' id='word_1_266' title='bbox 325 4170 472 4235; x_wconf 88' lang='lat' dir='ltr'><strong>abbatis.</strong></span> <span class='ocrx_word' id='word_1_267' title='bbox 501 4225 503 4230; x_wconf 96' lang='lat'><strong>.</strong></span> <span class='ocrx_word' id='word_1_268' title='bbox 529 4174 569 4255; x_wconf 73' lang='lat'><strong>›1‹</strong></span> <span class='ocrx_word' id='word_1_269' title='bbox 589 4171 732 4253; x_wconf 84' lang='lat' dir='ltr'><strong>Signum</strong></span> <span class='ocrx_word' id='word_1_270' title='bbox 758 4169 929 4234; x_wconf 90' lang='lat' dir='ltr'><strong>Brordani</strong></span> <span class='ocrx_word' id='word_1_271' title='bbox 959 4170 1106 4251; x_wconf 90' lang='lat' dir='ltr'><strong>patricii.</strong></span> <span class='ocrx_word' id='word_1_272' title='bbox 1173 4173 1212 4254; x_wconf 77' lang='lat'><strong>›1‹</strong></span> <span class='ocrx_word' id='word_1_273' title='bbox 1233 4171 1383 4255; x_wconf 81' lang='lat' dir='ltr'><strong>Signum</strong></span> 
     </span>
    </p>
   </div>
   <div class='ocr_carea' id='block_1_5' title="bbox 0 0 1562 5032">
    <p class='ocr_par' dir='ltr' id='par_1_6' title="bbox 0 0 1562 5032">
     <span class='ocr_line' id='line_1_39' title="bbox 0 0 1562 5032; baseline 0 0"><span class='ocrx_word' id='word_1_274' title='bbox 0 0 1562 5032; x_wconf 95' lang='lat' dir='ltr'><strong> </strong></span> 
     </span>
    </p>
   </div>
  </div>
 </body>
</html>
