3188 5032
496 453 668 500 cuanrne
691 453 1033 502 aneuosnxonrcun.
1223 442 1288 506 117

232 611 373 693 propria
398 612 535 694 signum
561 621 703 677 sanctae
731 614 842 678 crucis
866 614 984 678 subter
1005 615 1040 677 in
1067 612 1132 678 hac
1156 618 1286 698 pagina

231 710 368 788 faciam,
394 720 569 796 testesque
594 721 633 778 ut
655 715 873 777 subscribant
897 721 1032 796 petam;
1058 717 1285 796 proculdubio

232 830 376 892 sperans
390 813 473 896 quia
495 815 584 877 sicut
600 833 666 895 ego
682 813 774 895 quod
788 823 1020 896 poposcerunt
1040 814 1187 879 libenter
1200 837 1284 881 con-

232 912 331 989 cessi,
347 914 397 976 sic
409 914 490 976 illae
504 914 595 996 quod
612 915 842 995 promiserunt
856 933 940 994 erga
960 916 1134 978 orationes
1149 936 1212 998 pro
1228 937 1284 982 me

231 1010 355 1076 ibidem
370 1013 604 1090 celebrandas,
617 1013 809 1096 implebunt
828 1013 984 1092 fideliter.
1037 1014 1204 1098 Quisquis
1217 1017 1286 1099 igi-

232 1119 289 1175 tur
306 1112 339 1175 id
356 1112 448 1195 quod
471 1114 529 1195 pio
555 1114 668 1178 animo
690 1115 818 1178 donaui
832 1115 884 1178 ita
899 1121 939 1178 ut
951 1115 1118 1179 donatum
1140 1124 1194 1180 est
1215 1117 1283 1180 illi-

231 1212 349 1276 batum
377 1232 578 1296 permanere
612 1215 817 1296 permiserit,
846 1215 972 1278 habeat
1009 1217 1283 1280 communionem

231 1313 368 1376 beatam
380 1333 465 1377 cum
486 1322 666 1396 praesente
682 1312 810 1380 Christi
831 1314 999 1378 aecclesia
1024 1323 1128 1397 atque
1152 1315 1282 1406 lutura.

232 1411 398 1495 Quisquis
421 1421 536 1478 autem
561 1433 630 1477 non
652 1415 857 1497 permiserit,
875 1422 1053 1496 separetur
1074 1434 1096 1478 a
1117 1417 1283 1480 societate

232 1532 302 1577 non
316 1513 428 1578 solum
443 1521 642 1578 sanctorum
663 1514 851 1592 hominum,
867 1514 1046 1581 sedetiam
1068 1516 1282 1597 angelorum,

231 1620 390 1677 manente
412 1615 478 1678 hac
498 1614 684 1679 donatione
708 1623 827 1679 nostra
850 1616 886 1678 in
909 1635 973 1678 sua
988 1615 1151 1680 firmitate
1167 1635 1284 1680 coram

231 1714 400 1778 uniuersis
414 1715 473 1796 qui
489 1722 583 1792 recta
600 1714 750 1796 diligunt
765 1722 801 1779 et
814 1715 1025 1779 custodiunt.
1076 1714 1205 1780 Actum
1228 1725 1283 1781 est

230 1814 285 1878 die
308 1821 432 1896 quarto
448 1813 673 1878 kalendarum
689 1815 898 1879 Nouembris
921 1835 1013 1879 anno
1031 1819 1157 1880 xxxd.
1182 1818 1281 1899 regni

230 1913 297 1976 mei
311 1914 500 1980 indictione
516 1917 591 1980 xv⁸.
607 1915 645 1977 in
658 1914 734 1980 loeo
749 1916 809 1997 qui
824 1916 949 1979 dicitur
964 1915 1222 1982 Uuillanhalch.

285 2017 325 2096 ›1‹
353 2014 429 2096 Ego
448 2014 697 2079 Aetbelbaldus
712 2035 775 2079 rex
792 2015 1002 2079 Merciorum
1017 2015 1107 2080 hanc
1122 2015 1282 2081 donatio·

231 2134 308 2177 nem
331 2134 442 2178 meam
456 2115 599 2179 'firmani
623 2123 659 2179 et
682 2116 869 2197 subscripsi
884 2135 989 2180 manu
1003 2135 1091 2180 mea.
1148 2117 1282 2198 ›14Sig-

231 2235 312 2277 num
349 2235 472 2279 manus
510 2215 632 2280 Uuori.
712 2218 752 2297 ›1‹
791 2215 936 2297 Signum
971 2235 1094 2279 manus
1141 2216 1282 2281 Cottan.

235 2316 275 2396 ›1‹
293 2315 439 2398 Signum
462 2334 586 2379 manus
610 2314 750 2379 Cinrici.
808 2318 847 2397 ›1‹
872 2316 1016 2399 Signum
1041 2334 1165 2378 manus
1183 2316 1284 2380 Uuil-

230 2414 321 2478 frith.
380 2416 419 2496 ›1‹
446 2416 592 2496 Signum
615 2435 739 2478 manus
762 2415 900 2481 Lullan.
958 2419 997 2498 ›1‹
1014 2416 1158 2496 Signum
1174 2416 1282 2480 Cuth-

230 2515 313 2579 redi.
371 2518 411 2598 ›1‹
426 2515 571 2598 Signum
588 2535 709 2580 manus
727 2514 841 2581 Oban.

659 2812 847 2880 xcvrn.

457 2965 478 3006 *ι
502 2961 844 3044 aerumnam,
868 2963 965 3048 May,
981 2963 1058 3029 rae.

286 3117 325 3197 ›1‹
341 3112 387 3178 IN
402 3114 539 3177 nomine
553 3114 683 3176 domini
698 3111 883 3179 saluatoris
899 3114 1008 3177 nostri
1023 3118 1031 3177 !
1063 3112 1211 3177 Omnem
1223 3114 1284 3178 ho-

220 3215 356 3288 minem
382 3214 441 3297 qui
462 3214 651 3277 secundum
665 3213 766 3277 deum
779 3213 880 3289 uiuit,
898 3220 933 3276 et
948 3214 1158 3278 remunerari
1179 3233 1201 3277 a
1221 3215 1285 3278 deo

218 3322 348 3396 ‚sperat
371 3323 407 3378 et
423 3320 535 3396 optat,
560 3322 696 3396 oportet
712 3321 752 3378 ut
774 3313 840 3396 piis
853 3314 1011 3395 precibus
1034 3332 1216 3378 assensum
1240 3334 1286 3378 ex

230 3416 345 3478 animo
367 3414 524 3479 hilariter
547 3415 723 3496 praebeat,
749 3412 920 3496 quomodo
950 3420 1081 3477 certum
1109 3421 1163 3477 est
1187 3421 1285 3477 tanto

230 3513 366 3578 facilius
390 3535 432 3579 ea
455 3534 545 3596 quae
569 3515 643 3596 ipse
658 3513 758 3577 adeo
774 3512 1150 3595 poposceritconsequi
1171 3531 1287 3595 posse,

230 3621 361 3696 quanto
377 3616 500 3698 etipse
515 3614 679 3678 libentius
695 3612 891 3676 hominibus
905 3619 998 3675 recte
1011 3611 1190 3693 postulata
1204 3632 1287 3676 con·

218 3716 392 3795 ,cesserit3
423 3715 515 3797 quod
548 3722 632 3778 tunc
659 3714 827 3777 bonorum
857 3713 1008 3775 omnium
1035 3711 1194 3792 largitori
1222 3711 1287 3776 deo

231 3815 444 3896 acceptabile
459 3815 510 3892 fit,
524 3834 602 3877 cum
624 3834 688 3897 pro
711 3813 785 3877 eius
806 3831 922 3876 amore
946 3818 981 3876 et
1001 3811 1153 3876 utilitate
1176 3811 1287 3875 famu-

229 3914 377 3978 lantium
390 3915 422 3978 ei
433 3915 623 3997 peragitur.
668 3913 840 3992 Quocirca
853 3932 919 3993 ego
934 3910 1175 3976 Aetbilbaldus
1193 3911 1288 3975 Mer·

231 4015 368 4078 cionum
385 4015 480 4097 [rex]
497 4014 598 4078 iuxta
611 4014 812 4096 petitionem
825 4020 989 4090 uestram,
1003 4012 1066 4076 tibi
1081 4011 1288 4094 Eadburgae

231 4116 430 4179 abbatissae
452 4123 602 4196 tuaeque
624 4114 774 4177 familiae
788 4113 1009 4177 conuersanti
1025 4113 1063 4175 in
1077 4114 1288 4180 monasterio

219 4217 355 4298 ,beatae
372 4216 427 4280 dei
446 4216 623 4298 genitricis
639 4214 787 4292 Mariae,
803 4213 894 4296 quod
915 4215 1020 4299 situm
1042 4222 1094 4280 est
1115 4214 1153 4278 in
1174 4215 1290 4280 insula
