3134 5030
338 416 405 482 att
596 431 771 486 ιιιιιιιιι
794 431 1137 484 ιιιιοιιιιοιιιιιι.

338 591 560 658 aeternaliter
583 609 785 658 conoessum
809 593 840 657 a
903 588 1054 675 Insuper
1082 589 1189 656 edam
1216 591 1395 674 praefatae

338 691 569 758 concessionis
599 689 793 757 honorabili
827 690 990 775 episcopo
1026 711 1092 774 ego
1131 692 1297 758 coenuulf
1328 712 1392 757 rex

338 799 501 858 aeternae
525 790 695 856 libertatis
718 791 1013 856 confirmationem
1035 792 1076 856 in*
1099 791 1167 857 diio
1192 790 1255 856 ihu
1276 792 1394 857 salua-

340 899 416 957 tore
443 891 504 956 nio
530 890 684 956 liberabo
716 897 757 956 ut
784 911 877 958 nuuc
907 899 943 957 et
976 891 1138 975 deinceps
1156 894 1209 957 ab
1239 893 1396 957 omnini

338 989 508 1058 saeculari
526 991 704 1056 seruitutis
722 991 775 1057 tui
793 991 921 1056 dicioni
936 992 1119 1057 subiaceat·
1136 999 1172 1058 et
1191 993 1283 1057 omni
1302 1011 1392 1056 sexu

336 1092 507 1157 humanae
530 1090 741 1156 condicionis
765 1092 994 1157 saecularium
1019 1091 1166 1175 gradum
1194 1111 1257 1157 seu
1280 1093 1392 1156 eccle·

337 1193 554 1257 siasticarum
566 1191 688 1256 ordinii
700 1190 792 1257 notis
805 1192 862 1256 uel
884 1191 1015 1274 ignotis
1035 1193 1154 1275 paruis
1172 1192 1230 1257 uel
1253 1193 1393 1274 magnis

339 1291 531 1375 praesentis
553 1299 588 1355 et
609 1291 735 1356 futuris
756 1293 846 1356 sicut
861 1293 881 1355 ι
895 1292 1081 1375 primordio
1104 1289 1252 1379 apianae
1273 1292 1392 1375 religi·

337 1393 413 1460 onis
434 1389 627 1457 territorias
651 1398 687 1457 et
708 1393 865 1476 proprias
882 1391 1119 1476 possessiones
1141 1392 1327 1456 orthodoxi
1355 1400 1392 1456 et

337 1490 463 1559 eruditi
483 1491 551 1556 uiri
572 1498 770 1556 statuerunt
790 1499 826 1556 et
851 1500 973 1575 postea
995 1491 1220 1557 firmauerunt
1271 1492 1331 1556 Ita
1353 1491 1391 1557 iu

338 1593 466 1658 omnib:
490 1591 623 1656 inlaesa
646 1599 682 1655 et
706 1591 866 1658 inocussa
883 1599 1084 1675 permaneat
1135 1590 1287 1658 Nisibis
1305 1593 1387 1658 trib:

336 1691 575 1757 tantummodo
604 1689 718 1756 causis
743 1690 778 1756 id
801 1694 820 1755 ὃ
844 1691 1064 1775 expeditioni}
1092 1697 1128 1757 et
1155 1691 1245 1756 arcis
1268 1693 1389 1757 muni·

337 1792 465 1858 tionem
492 1798 614 1856 contra
636 1809 793 1874 paganos
816 1798 852 1856 et
872 1792 989 1876 pontis
1010 1792 1272 1857 instructionem
1294 1812 1390 1857 com·

336 1885 487 1956 munitet
498 1892 594 1955 sicut
600 1889 679 1956 tota
690 1887 776 1972 gens
790 1891 852 1956 illa
865 1890 910 1956 de
924 1891 998 1955 suis
1011 1892 1159 1975 propriis
1171 1890 1389 1957 hereditariis

337 1998 500 2058 consuete
513 1991 646 2055 faciunt
669 2041 672 2046 .
697 1989 786 2055 Cum
798 1991 926 2056 omnib:
949 1992 1049 2056 bonis
1063 1991 1157 2074 quib:
1172 1990 1294 2055 diuina
1307 1989 1389 2074 gra¹

336 2091 387 2157 tia
402 2092 466 2157 tibi
486 2091 592 2174 tuisq:
615 2090 764 2156 fauendo
783 2090 1001 2174 adnuendoq:
1027 2091 1237 2156 concesserit
1262 2091 1390 2158 habere

337 2199 374 2257 et
388 2191 564 2276 perfruere
579 2191 745 2274 quamdiu
755 2190 832 2256 uita
845 2209 960 2256 comes
975 2191 1085 2256 ¹fuerit
1110 2189 1165 2256 Ac
1180 2198 1305 2274 postea
1316 2192 1391 2258 cui-

336 2311 450 2375 cumq:
475 2290 669 2373 relinquere
683 2290 747 2356 tibi
767 2291 813 2356 ad
831 2291 1047 2356 commodum
1068 2291 1153 2356 utile
1170 2294 1391 2375 perspexeris

334 2391 478 2458 liberam
514 2390 643 2456 habeas
675 2391 848 2474 potestate
876 2392 963 2456 sine·
979 2391 1048 2456 line
1074 2391 1146 2457 tuis
1162 2391 1391 2458 hereditariis

334 2487 556 2576 perseuerare
580 2489 617 2555 in
645 2509 770 2555 aeuum
831 2489 920 2556 Cum
942 2491 1073 2575 campis
1096 2491 1194 2556 siluis
1221 2510 1312 2573 quae
1340 2513 1388 2558 on

335 2593 437 2658 blean
455 2591 500 2659 ad
513 2590 574 2656 illii
584 2591 679 2658 terri
692 2598 785 2668 recte
798 2592 974 2674 pertinent
994 2591 1134 2675 pascuis
1147 2592 1258 2675 pratis
1272 2592 1389 2674 pisca·

336 2691 457 2757 tionib:
491 2691 703 2757 uenationib:
732 2691 885 2776 paludib:
915 2692 1074 2775 aucupib:
1103 2692 1203 2776 aquis
1229 2694 1389 2758 mariscis

334 2793 453 2858 salsib:
478 2791 592 2858 fretib:
619 2809 709 2874 quae
732 2811 896 2875 umquam
916 2791 954 2856 in
978 2792 1129 2856 minimis
1147 2792 1204 2856 uel
1224 2793 1390 2858 maximis

335 2894 380 2957 ad
394 2892 461 2957 ista
474 2890 735 2976 praenominati
748 2898 876 2957 terram
890 2893 1110 2975 competebat
1123 2899 1185 2956 aut
1198 2893 1292 2957 uun'c
1307 2893 1388 2958 difi-

335 2989 462 3059 nienda
473 2992 692 3076 augendoq:
682 3013 757 3057 rure
770 3001 938 3076 perpetuo
950 2992 1080 3057 donata
1094 2999 1268 3058 constant.
1380 3015 1385 3020 ·

385 3093 423 3156 Si
444 3094 522 3175 quis
547 3101 665 3158 autem
689 3093 782 3176 quod
807 3112 877 3157 non
896 3099 1074 3176 optamus
1071 3091 1251 3156 auaritiae
1274 3093 1385 3174 ignib:

334 3199 498 3258 aestuans
527 3193 743 3278 superbiaeq:
768 3200 853 3276 typo
877 3192 1030 3258 tumidus
1063 3191 1240 3257 diabolica
1262 3191 1389 3258 fraude

334 3293 500 3376 deceptus
525 3299 864 3408 supramemoratam
894 3291 1097 3358 donationis
1129 3291 1390 3358 concessionem

332 3392 520 3475 infringere
539 3401 604 3458 ant
621 3393 777 3458 minuere
797 3392 1034 3476 temptauerit
1069 3384 1194 3457 Sciat
1178 3411 1217 3458 se
1237 3392 1387 3458 anathe-

333 3493 439 3559 matis
449 3486 598 3558 uinculis
611 3511 687 3558 esse
705 3493 871 3558 damnatii
886 3493 954 3558 et
936 3515 954 3560 a
968 3492 1208 3558 communione
1228 3492 1388 3576 corporis

334 3601 370 3658 et
391 3593 572 3712 sanguinis
594 3613 654 3680 xpr
644 3593 724 3657 hic
745 3593 813 3658 et
803 3613 840 3657 ιιι
861 3593 982 3658 ultimo
998 3592 1160 3660 examine
1177 3598 1212 3656 et
1231 3593 1275 3657 ab
1294 3592 1388 3657 elec,-

334 3693 428 3758 tione
447 3693 575 3757 omniu
586 3711 722 3758 scarum
737 3694 777 3758 ee
790 3694 953 3808 separati
968 3692 1036 3757 nisi
1048 3691 1145 3775 prius
1149 3691 1268 3774 digna
1281 3693 1389 3757 satis

333 3793 483 3858 factione
497 3793 732 3858 emendauerit
782 3792 871 3858 Ει
843 3811 873 3856 sr
886 3793 964 3876 quis
977 3791 1136 3876 augendo
1150 3792 1387 3875 multiplican-

334 3893 424 3958 doue
442 3892 605 3960 beniuolo
621 3893 735 3958 animo
756 3893 964 3976 amplificare
981 3900 1043 3958 adt
1063 3891 1244 3958 defendere
1265 3893 1389 3957 uolue

334 3994 382 4057 rit
402 4000 531 4076 augeat
547 3993 599 4057 illi
620 3993 836 4077 omnipotens
858 3991 899 4057 ds
917 3999 1060 4058 aeterna
1076 3991 1203 4057 bona
1193 4010 1231 4055 m
1254 3993 1389 4056 caeles

334 4091 429 4157 tibus
448 4093 573 4176 regnis.
628 4092 796 4160 Actum'⁴
777 4115 796 4157 e
818 4112 911 4158 anno
933 4091 1389 4160 dominicaeincarnationis

333 4194 450 4256 ncoc⁰
451 4195 564 4258 x1u1⁰.
584 4190 801 4259 Indictione
814 4196 894 4256 ιιι.
914 4192 968 4258 his
983 4192 1099 4259 testib:
1120 4192 1387 4258 consentientib:
