<?xml version="1.0" encoding="UTF-8"?>
<!DOCTYPE html PUBLIC "-//W3C//DTD XHTML 1.0 Transitional//EN"
    "http://www.w3.org/TR/xhtml1/DTD/xhtml1-transitional.dtd">
<html xmlns="http://www.w3.org/1999/xhtml" xml:lang="en" lang="en">
 <head>
  <title>
</title>
<meta http-equiv="Content-Type" content="text/html;charset=utf-8" />
  <meta name='ocr-system' content='tesseract 3.04.00' />
  <meta name='ocr-capabilities' content='ocr_page ocr_carea ocr_par ocr_line ocrx_word'/>
</head>
<body>
  <div class='ocr_page' id='page_1' title='image "./codexdiplomatic04kembgoog_0194.png"; bbox 0 0 3188 5032; ppageno 0'>
   <div class='ocr_carea' id='block_1_1' title="bbox 480 421 1278 489">
    <p class='ocr_par' dir='ltr' id='par_1_1' title="bbox 480 421 1278 489">
     <span class='ocr_line' id='line_1_1' title="bbox 480 421 1278 489; baseline -0.001 -1"><span class='ocrx_word' id='word_1_1' title='bbox 480 441 652 488; x_wconf 74' lang='lat' dir='ltr'><strong>cnan‘rnu</strong></span> <span class='ocrx_word' id='word_1_2' title='bbox 674 438 1018 489; x_wconf 80' lang='lat' dir='ltr'><strong>nnocosaxonrcnn.</strong></span> <span class='ocrx_word' id='word_1_3' title='bbox 1233 421 1278 487; x_wconf 78' lang='lat'><strong>43</strong></span> 
     </span>
    </p>
   </div>
   <div class='ocr_carea' id='block_1_2' title="bbox 221 597 1280 1592">
    <p class='ocr_par' dir='ltr' id='par_1_2' title="bbox 221 597 1279 1288">
     <span class='ocr_line' id='line_1_2' title="bbox 222 597 1278 683; baseline -0.003 -18"><span class='ocrx_word' id='word_1_4' title='bbox 222 607 306 678; x_wconf 87' lang='lat' dir='ltr'><strong>tam,</strong></span> <span class='ocrx_word' id='word_1_5' title='bbox 330 601 386 665; x_wconf 91' lang='lat' dir='ltr'><strong>uel</strong></span> <span class='ocrx_word' id='word_1_6' title='bbox 414 600 580 665; x_wconf 88' lang='lat' dir='ltr'><strong>haeredes</strong></span> <span class='ocrx_word' id='word_1_7' title='bbox 604 600 672 663; x_wconf 91' lang='lat' dir='ltr'><strong>mei</strong></span> <span class='ocrx_word' id='word_1_8' title='bbox 694 600 867 664; x_wconf 87' lang='lat' dir='ltr'><strong>contraire</strong></span> <span class='ocrx_word' id='word_1_9' title='bbox 890 597 1195 683; x_wconf 79' lang='lat' dir='ltr'><strong>praesumpserint,</strong></span> <span class='ocrx_word' id='word_1_10' title='bbox 1216 617 1278 662; x_wconf 87' lang='lat' dir='ltr'><strong>no-</strong></span> 
     </span>
     <span class='ocr_line' id='line_1_3' title="bbox 223 699 1279 785; baseline -0.002 -21"><span class='ocrx_word' id='word_1_11' title='bbox 223 702 338 766; x_wconf 89' lang='lat' dir='ltr'><strong>uerint</strong></span> <span class='ocrx_word' id='word_1_12' title='bbox 362 721 400 765; x_wconf 89' lang='lat' dir='ltr'><strong>se</strong></span> <span class='ocrx_word' id='word_1_13' title='bbox 427 720 449 766; x_wconf 92' lang='lat' dir='ltr'><strong>a</strong></span> <span class='ocrx_word' id='word_1_14' title='bbox 470 702 735 785; x_wconf 89' lang='lat' dir='ltr'><strong>participatione</strong></span> <span class='ocrx_word' id='word_1_15' title='bbox 763 702 916 783; x_wconf 89' lang='lat' dir='ltr'><strong>corporis</strong></span> <span class='ocrx_word' id='word_1_16' title='bbox 943 707 979 765; x_wconf 88' lang='lat' dir='ltr'><strong>et</strong></span> <span class='ocrx_word' id='word_1_17' title='bbox 1010 699 1190 781; x_wconf 82' lang='lat' dir='ltr'><strong>sanguinis</strong></span> <span class='ocrx_word' id='word_1_18' title='bbox 1216 699 1279 762; x_wconf 93' lang='lat' dir='ltr'><strong>do-</strong></span> 
     </span>
     <span class='ocr_line' id='line_1_4' title="bbox 224 799 1279 880; baseline -0.005 -14"><span class='ocrx_word' id='word_1_19' title='bbox 224 803 308 866; x_wconf 92' lang='lat' dir='ltr'><strong>mini</strong></span> <span class='ocrx_word' id='word_1_20' title='bbox 323 802 433 867; x_wconf 87' lang='lat' dir='ltr'><strong>nostri</strong></span> <span class='ocrx_word' id='word_1_21' title='bbox 449 802 531 867; x_wconf 91' lang='lat' dir='ltr'><strong>Iesu</strong></span> <span class='ocrx_word' id='word_1_22' title='bbox 543 802 672 867; x_wconf 85' lang='lat' dir='ltr'><strong>Christi</strong></span> <span class='ocrx_word' id='word_1_23' title='bbox 683 820 759 865; x_wconf 90' lang='lat' dir='ltr'><strong>esse</strong></span> <span class='ocrx_word' id='word_1_24' title='bbox 775 801 918 880; x_wconf 63' lang='lat' dir='ltr'><strong>alienos</strong></span> <span class='ocrx_word' id='word_1_25' title='bbox 930 809 965 866; x_wconf 87' lang='lat' dir='ltr'><strong>et</strong></span> <span class='ocrx_word' id='word_1_26' title='bbox 979 821 1001 864; x_wconf 88' lang='lat' dir='ltr'><strong>a</strong></span> <span class='ocrx_word' id='word_1_27' title='bbox 1016 806 1117 865; x_wconf 90' lang='lat' dir='ltr'><strong>coetu</strong></span> <span class='ocrx_word' id='word_1_28' title='bbox 1127 799 1279 863; x_wconf 89' lang='lat' dir='ltr'><strong>fidelium</strong></span> 
     </span>
     <span class='ocr_line' id='line_1_5' title="bbox 223 900 1279 986; baseline -0.005 -18"><span class='ocrx_word' id='word_1_29' title='bbox 223 903 457 986; x_wconf 85' lang='lat' dir='ltr'><strong>segregandos</strong></span> <span class='ocrx_word' id='word_1_30' title='bbox 474 904 531 967; x_wconf 92' lang='lat' dir='ltr'><strong>hic</strong></span> <span class='ocrx_word' id='word_1_31' title='bbox 553 910 588 968; x_wconf 87' lang='lat' dir='ltr'><strong>et</strong></span> <span class='ocrx_word' id='word_1_32' title='bbox 603 904 641 966; x_wconf 89' lang='lat' dir='ltr'><strong>in</strong></span> <span class='ocrx_word' id='word_1_33' title='bbox 664 910 853 967; x_wconf 88' lang='lat' dir='ltr'><strong>aeternnm.</strong></span> <span class='ocrx_word' id='word_1_34' title='bbox 907 902 1022 983; x_wconf 85' lang='lat' dir='ltr'><strong>Quam</strong></span> <span class='ocrx_word' id='word_1_35' title='bbox 1040 900 1279 986; x_wconf 54' lang='lat' dir='ltr'><strong>⁸saepedictam</strong></span> 
     </span>
     <span class='ocr_line' id='line_1_6' title="bbox 221 1001 1278 1070; baseline -0.006 0"><span class='ocrx_word' id='word_1_36' title='bbox 221 1005 390 1070; x_wconf 89' lang='lat' dir='ltr'><strong>cartulam</strong></span> <span class='ocrx_word' id='word_1_37' title='bbox 414 1003 629 1068; x_wconf 84' lang='lat' dir='ltr'><strong>scribendam</strong></span> <span class='ocrx_word' id='word_1_38' title='bbox 649 1003 778 1068; x_wconf 91' lang='lat' dir='ltr'><strong>dictaui</strong></span> <span class='ocrx_word' id='word_1_39' title='bbox 800 1012 835 1067; x_wconf 90' lang='lat' dir='ltr'><strong>et</strong></span> <span class='ocrx_word' id='word_1_40' title='bbox 856 1003 919 1068; x_wconf 88' lang='lat' dir='ltr'><strong>tibi</strong></span> <span class='ocrx_word' id='word_1_41' title='bbox 943 1002 1062 1067; x_wconf 90' lang='lat' dir='ltr'><strong>Eahbe</strong></span> <span class='ocrx_word' id='word_1_42' title='bbox 1083 1001 1278 1066; x_wconf 80' lang='lat' dir='ltr'><strong>abbatissae</strong></span> 
     </span>
     <span class='ocr_line' id='line_1_7' title="bbox 223 1100 1277 1185; baseline -0.003 -16"><span class='ocrx_word' id='word_1_43' title='bbox 223 1106 350 1170; x_wconf 91' lang='lat' dir='ltr'><strong>tradidi</strong></span> <span class='ocrx_word' id='word_1_44' title='bbox 375 1106 659 1170; x_wconf 89' lang='lat' dir='ltr'><strong>conseruandam.</strong></span> <span class='ocrx_word' id='word_1_45' title='bbox 711 1102 840 1168; x_wconf 88' lang='lat' dir='ltr'><strong>Actum</strong></span> <span class='ocrx_word' id='word_1_46' title='bbox 863 1120 942 1169; x_wconf 86' lang='lat' dir='ltr'>xv1.</span> <span class='ocrx_word' id='word_1_47' title='bbox 966 1102 1037 1167; x_wconf 86' lang='lat' dir='ltr'><strong>kal.</strong></span> <span class='ocrx_word' id='word_1_48' title='bbox 1066 1100 1174 1185; x_wconf 70' lang='lat' dir='ltr'><strong>Aug„</strong></span> <span class='ocrx_word' id='word_1_49' title='bbox 1199 1100 1277 1166; x_wconf 90' lang='lat' dir='ltr'><strong>Ind.</strong></span> 
     </span>
     <span class='ocr_line' id='line_1_8' title="bbox 225 1204 783 1288; baseline 0 -20"><span class='ocrx_word' id='word_1_50' title='bbox 225 1223 290 1284; x_wconf 89' lang='lat' dir='ltr'><strong>vn,</strong></span> <span class='ocrx_word' id='word_1_51' title='bbox 307 1204 412 1270; x_wconf 88' lang='lat' dir='ltr'><strong>Anno</strong></span> <span class='ocrx_word' id='word_1_52' title='bbox 428 1208 528 1288; x_wconf 87' lang='lat' dir='ltr'><strong>regni</strong></span> <span class='ocrx_word' id='word_1_53' title='bbox 543 1206 654 1270; x_wconf 88' lang='lat' dir='ltr'><strong>nostri</strong></span> <span class='ocrx_word' id='word_1_54' title='bbox 668 1205 783 1269; x_wconf 91' lang='lat' dir='ltr'><strong>tertio.</strong></span> 
     </span>
    </p>

    <p class='ocr_par' dir='ltr' id='par_1_3' title="bbox 224 1303 1280 1592">
     <span class='ocr_line' id='line_1_9' title="bbox 279 1303 1279 1389; baseline -0.004 -19"><span class='ocrx_word' id='word_1_55' title='bbox 279 1308 318 1388; x_wconf 74' lang='lat'><strong>›1‹</strong></span> <span class='ocrx_word' id='word_1_56' title='bbox 346 1307 492 1389; x_wconf 81' lang='lat' dir='ltr'><strong>Signum</strong></span> <span class='ocrx_word' id='word_1_57' title='bbox 520 1325 643 1371; x_wconf 90' lang='lat' dir='ltr'><strong>manus</strong></span> <span class='ocrx_word' id='word_1_58' title='bbox 679 1304 865 1370; x_wconf 88' lang='lat' dir='ltr'><strong>Uuihtredi</strong></span> <span class='ocrx_word' id='word_1_59' title='bbox 899 1304 1004 1387; x_wconf 79' lang='lat' dir='ltr'><strong>regis</strong></span> <span class='ocrx_word' id='word_1_60' title='bbox 1061 1304 1101 1386; x_wconf 65' lang='lat'><strong>*1⁴</strong></span> <span class='ocrx_word' id='word_1_61' title='bbox 1134 1303 1279 1386; x_wconf 86' lang='lat' dir='ltr'><strong>Signum</strong></span> 
     </span>
     <span class='ocr_line' id='line_1_10' title="bbox 224 1404 1280 1490; baseline -0.003 -21"><span class='ocrx_word' id='word_1_62' title='bbox 224 1427 348 1471; x_wconf 91' lang='lat' dir='ltr'><strong>manus</strong></span> <span class='ocrx_word' id='word_1_63' title='bbox 372 1406 554 1490; x_wconf 82' lang='lat' dir='ltr'><strong>Kinigithe</strong></span> <span class='ocrx_word' id='word_1_64' title='bbox 576 1407 728 1490; x_wconf 87' lang='lat' dir='ltr'><strong>reginae.</strong></span> <span class='ocrx_word' id='word_1_65' title='bbox 786 1406 825 1486; x_wconf 74' lang='lat'><strong>›1‹</strong></span> <span class='ocrx_word' id='word_1_66' title='bbox 856 1405 1003 1489; x_wconf 88' lang='lat' dir='ltr'><strong>Signum</strong></span> <span class='ocrx_word' id='word_1_67' title='bbox 1021 1423 1145 1468; x_wconf 89' lang='lat' dir='ltr'><strong>manus</strong></span> <span class='ocrx_word' id='word_1_68' title='bbox 1169 1404 1280 1469; x_wconf 88' lang='lat' dir='ltr'><strong>Bern-</strong></span> 
     </span>
     <span class='ocr_line' id='line_1_11' title="bbox 225 1502 947 1592; baseline -0.001 -22"><span class='ocrx_word' id='word_1_69' title='bbox 225 1507 336 1572; x_wconf 89' lang='lat' dir='ltr'><strong>hardi.</strong></span> <span class='ocrx_word' id='word_1_70' title='bbox 389 1502 428 1582; x_wconf 62' lang='grc' dir='ltr'><strong>»Β</strong></span> <span class='ocrx_word' id='word_1_71' title='bbox 443 1509 588 1592; x_wconf 89' lang='lat' dir='ltr'><strong>Signum</strong></span> <span class='ocrx_word' id='word_1_72' title='bbox 602 1526 725 1572; x_wconf 90' lang='lat' dir='ltr'><strong>manus</strong></span> <span class='ocrx_word' id='word_1_73' title='bbox 741 1504 947 1570; x_wconf 88' lang='lat' dir='ltr'><strong>Alhuuardi.</strong></span> 
     </span>
    </p>
   </div>
   <div class='ocr_carea' id='block_1_3' title="bbox 691 1687 812 1698">
    <p class='ocr_par' dir='ltr' id='par_1_4' title="bbox 691 1687 812 1698">
     <span class='ocr_line' id='line_1_12' title="bbox 691 1687 812 1698; baseline -0.017 0"><span class='ocrx_word' id='word_1_74' title='bbox 691 1687 812 1698; x_wconf 72' lang='lat' dir='ltr'>——u-</span> 
     </span>
    </p>
   </div>
   <div class='ocr_carea' id='block_1_4' title="bbox 500 1763 1006 2034">
    <p class='ocr_par' dir='ltr' id='par_1_5' title="bbox 500 1763 1006 2034">
     <span class='ocr_line' id='line_1_13' title="bbox 631 1763 910 1856; baseline 0.004 -3"><span class='ocrx_word' id='word_1_75' title='bbox 631 1789 874 1856; x_wconf 82' lang='lat' dir='ltr'><strong>xxxvrn.</strong></span> <span class='ocrx_word' id='word_1_76' title='bbox 908 1763 910 1768; x_wconf 77' lang='grc'>’</span> 
     </span>
     <span class='ocr_line' id='line_1_14' title="bbox 500 1953 1006 2034; baseline 0 -15"><span class='ocrx_word' id='word_1_77' title='bbox 500 1955 522 1999; x_wconf 75' lang='lat'><strong>⁴·</strong></span> <span class='ocrx_word' id='word_1_78' title='bbox 546 1953 906 2034; x_wconf 79' lang='lat' dir='ltr'><strong>nnconuunun,</strong></span> <span class='ocrx_word' id='word_1_79' title='bbox 930 1955 1006 2019; x_wconf 84' lang='lat'><strong>695.</strong></span> 
     </span>
    </p>
   </div>
   <div class='ocr_carea' id='block_1_5' title="bbox 181 2097 1282 4307">
    <p class='ocr_par' dir='ltr' id='par_1_6' title="bbox 181 2097 1282 4307">
     <span class='ocr_line' id='line_1_15' title="bbox 281 2097 1282 2177; baseline 0.001 -9"><span class='ocrx_word' id='word_1_80' title='bbox 281 2097 320 2177; x_wconf 75' lang='lat'><strong>*1⁴</strong></span> <span class='ocrx_word' id='word_1_81' title='bbox 345 2103 391 2168; x_wconf 83' lang='grc' dir='ltr'><strong>ΙΝ</strong></span> <span class='ocrx_word' id='word_1_82' title='bbox 415 2104 553 2168; x_wconf 91' lang='lat' dir='ltr'><strong>nomine</strong></span> <span class='ocrx_word' id='word_1_83' title='bbox 575 2104 706 2168; x_wconf 92' lang='lat' dir='ltr'><strong>domini</strong></span> <span class='ocrx_word' id='word_1_84' title='bbox 728 2104 783 2170; x_wconf 90' lang='lat' dir='ltr'><strong>dei</strong></span> <span class='ocrx_word' id='word_1_85' title='bbox 805 2106 916 2170; x_wconf 87' lang='lat' dir='ltr'><strong>nostri</strong></span> <span class='ocrx_word' id='word_1_86' title='bbox 935 2113 971 2170; x_wconf 89' lang='lat' dir='ltr'><strong>et</strong></span> <span class='ocrx_word' id='word_1_87' title='bbox 990 2105 1174 2170; x_wconf 88' lang='lat' dir='ltr'><strong>saluatoris</strong></span> <span class='ocrx_word' id='word_1_88' title='bbox 1200 2103 1282 2169; x_wconf 88' lang='lat' dir='ltr'><strong>Iesu</strong></span> 
     </span>
     <span class='ocr_line' id='line_1_16' title="bbox 227 2201 1280 2290; baseline 0.004 -24"><span class='ocrx_word' id='word_1_89' title='bbox 227 2201 375 2269; x_wconf 83' lang='lat' dir='ltr'><strong>Christi!</strong></span> <span class='ocrx_word' id='word_1_90' title='bbox 423 2205 499 2287; x_wconf 87' lang='lat' dir='ltr'><strong>Ego</strong></span> <span class='ocrx_word' id='word_1_91' title='bbox 510 2204 750 2270; x_wconf 89' lang='lat' dir='ltr'><strong>Ercnuualdus</strong></span> <span class='ocrx_word' id='word_1_92' title='bbox 765 2207 947 2290; x_wconf 90' lang='lat' dir='ltr'><strong>episcopus</strong></span> <span class='ocrx_word' id='word_1_93' title='bbox 962 2208 1161 2290; x_wconf 89' lang='lat' dir='ltr'><strong>prouinciae</strong></span> <span class='ocrx_word' id='word_1_94' title='bbox 1176 2205 1280 2270; x_wconf 90' lang='lat' dir='ltr'><strong>East-</strong></span> 
     </span>
     <span class='ocr_line' id='line_1_17' title="bbox 226 2307 1280 2385; baseline 0.001 -17"><span class='ocrx_word' id='word_1_95' title='bbox 226 2324 470 2383; x_wconf 88' lang='lat' dir='ltr'><strong>saexanorum,</strong></span> <span class='ocrx_word' id='word_1_96' title='bbox 509 2325 688 2370; x_wconf 89' lang='lat' dir='ltr'><strong>seruorum</strong></span> <span class='ocrx_word' id='word_1_97' title='bbox 720 2307 775 2370; x_wconf 91' lang='lat' dir='ltr'><strong>dei</strong></span> <span class='ocrx_word' id='word_1_98' title='bbox 811 2326 944 2385; x_wconf 71' lang='lat' dir='ltr'><strong>serum,</strong></span> <span class='ocrx_word' id='word_1_99' title='bbox 979 2307 1209 2372; x_wconf 89' lang='lat' dir='ltr'><strong>dilectissimis</strong></span> <span class='ocrx_word' id='word_1_100' title='bbox 1243 2307 1280 2370; x_wconf 93' lang='lat' dir='ltr'><strong>in</strong></span> 
     </span>
     <span class='ocr_line' id='line_1_18' title="bbox 229 2404 1281 2491; baseline 0.002 -23"><span class='ocrx_word' id='word_1_101' title='bbox 229 2404 368 2470; x_wconf 86' lang='lat' dir='ltr'><strong>Christo</strong></span> <span class='ocrx_word' id='word_1_102' title='bbox 381 2407 557 2470; x_wconf 89' lang='lat' dir='ltr'><strong>sororibus</strong></span> <span class='ocrx_word' id='word_1_103' title='bbox 579 2408 616 2470; x_wconf 94' lang='lat' dir='ltr'><strong>in</strong></span> <span class='ocrx_word' id='word_1_104' title='bbox 629 2409 839 2472; x_wconf 86' lang='lat' dir='ltr'><strong>monasterio</strong></span> <span class='ocrx_word' id='word_1_105' title='bbox 854 2408 945 2491; x_wconf 93' lang='lat' dir='ltr'><strong>quod</strong></span> <span class='ocrx_word' id='word_1_106' title='bbox 963 2408 1159 2491; x_wconf 88' lang='lat' dir='ltr'><strong>appellatur</strong></span> <span class='ocrx_word' id='word_1_107' title='bbox 1173 2407 1281 2471; x_wconf 90' lang='lat' dir='ltr'><strong>Bere-</strong></span> 
     </span>
     <span class='ocr_line' id='line_1_19' title="bbox 229 2507 1279 2590; baseline 0 -20"><span class='ocrx_word' id='word_1_108' title='bbox 229 2507 360 2588; x_wconf 75' lang='lat' dir='ltr'><strong>cingaS,</strong></span> <span class='ocrx_word' id='word_1_109' title='bbox 386 2507 634 2585; x_wconf 66' lang='lat' dir='ltr'><strong>habitantibus</strong></span> <span class='ocrx_word' id='word_1_110' title='bbox 664 2509 756 2590; x_wconf 93' lang='lat' dir='ltr'><strong>quod</strong></span> <span class='ocrx_word' id='word_1_111' title='bbox 781 2508 845 2573; x_wconf 92' lang='lat' dir='ltr'><strong>deo</strong></span> <span class='ocrx_word' id='word_1_112' title='bbox 871 2509 1063 2573; x_wconf 85' lang='lat' dir='ltr'><strong>auxiliante</strong></span> <span class='ocrx_word' id='word_1_113' title='bbox 1089 2508 1279 2586; x_wconf 87' lang='lat' dir='ltr'><strong>construxi,</strong></span> 
     </span>
     <span class='ocr_line' id='line_1_20' title="bbox 229 2608 1279 2692; baseline 0 -21"><span class='ocrx_word' id='word_1_114' title='bbox 229 2608 379 2672; x_wconf 90' lang='lat' dir='ltr'><strong>concedo</strong></span> <span class='ocrx_word' id='word_1_115' title='bbox 394 2618 433 2674; x_wconf 91' lang='lat' dir='ltr'><strong>ut</strong></span> <span class='ocrx_word' id='word_1_116' title='bbox 448 2615 519 2672; x_wconf 88' lang='lat' dir='ltr'><strong>tam</strong></span> <span class='ocrx_word' id='word_1_117' title='bbox 533 2611 718 2691; x_wconf 85' lang='lat' dir='ltr'><strong>nosquam</strong></span> <span class='ocrx_word' id='word_1_118' title='bbox 742 2611 871 2692; x_wconf 78' lang='lat' dir='ltr'><strong>posteri</strong></span> <span class='ocrx_word' id='word_1_119' title='bbox 892 2611 1000 2674; x_wconf 90' lang='lat' dir='ltr'><strong>uestri</strong></span> <span class='ocrx_word' id='word_1_120' title='bbox 1017 2611 1053 2673; x_wconf 91' lang='lat' dir='ltr'><strong>in</strong></span> <span class='ocrx_word' id='word_1_121' title='bbox 1075 2616 1279 2692; x_wconf 91' lang='lat' dir='ltr'><strong>perpetuum</strong></span> 
     </span>
     <span class='ocr_line' id='line_1_21' title="bbox 228 2710 1280 2793; baseline 0.002 -23"><span class='ocrx_word' id='word_1_122' title='bbox 228 2715 515 2773; x_wconf 87' lang='lat' dir='ltr'><strong>utconstructum</strong></span> <span class='ocrx_word' id='word_1_123' title='bbox 529 2717 582 2772; x_wconf 91' lang='lat' dir='ltr'><strong>est</strong></span> <span class='ocrx_word' id='word_1_124' title='bbox 596 2710 647 2774; x_wconf 89' lang='lat' dir='ltr'><strong>ita</strong></span> <span class='ocrx_word' id='word_1_125' title='bbox 661 2710 878 2793; x_wconf 88' lang='lat' dir='ltr'><strong>possideatis.</strong></span> <span class='ocrx_word' id='word_1_126' title='bbox 931 2711 978 2774; x_wconf 90' lang='lat' dir='ltr'><strong>Et</strong></span> <span class='ocrx_word' id='word_1_127' title='bbox 990 2731 1034 2774; x_wconf 89' lang='lat' dir='ltr'><strong>ne</strong></span> <span class='ocrx_word' id='word_1_128' title='bbox 1049 2711 1126 2793; x_wconf 92' lang='lat' dir='ltr'><strong>quis</strong></span> <span class='ocrx_word' id='word_1_129' title='bbox 1141 2710 1280 2792; x_wconf 89' lang='lat' dir='ltr'><strong>praesul</strong></span> 
     </span>
     <span class='ocr_line' id='line_1_22' title="bbox 181 2809 1280 2895; baseline 0.002 -23"><span class='ocrx_word' id='word_1_130' title='bbox 181 2818 190 2824; x_wconf 78' lang='grc'><strong>“</strong></span> <span class='ocrx_word' id='word_1_131' title='bbox 228 2809 410 2874; x_wconf 89' lang='lat' dir='ltr'><strong>cuiuslibet</strong></span> <span class='ocrx_word' id='word_1_132' title='bbox 432 2810 477 2874; x_wconf 92' lang='lat' dir='ltr'><strong>sit</strong></span> <span class='ocrx_word' id='word_1_133' title='bbox 507 2810 648 2888; x_wconf 89' lang='lat' dir='ltr'><strong>ordinis,</strong></span> <span class='ocrx_word' id='word_1_134' title='bbox 678 2811 735 2874; x_wconf 90' lang='lat' dir='ltr'><strong>uel</strong></span> <span class='ocrx_word' id='word_1_135' title='bbox 763 2812 885 2895; x_wconf 92' lang='lat' dir='ltr'><strong>quiin</strong></span> <span class='ocrx_word' id='word_1_136' title='bbox 914 2810 1028 2876; x_wconf 91' lang='lat' dir='ltr'><strong>locum</strong></span> <span class='ocrx_word' id='word_1_137' title='bbox 1058 2831 1172 2874; x_wconf 91' lang='lat' dir='ltr'><strong>meum</strong></span> <span class='ocrx_word' id='word_1_138' title='bbox 1201 2830 1280 2874; x_wconf 90' lang='lat' dir='ltr'><strong>suc-</strong></span> 
     </span>
     <span class='ocr_line' id='line_1_23' title="bbox 228 2910 1280 2995; baseline 0.001 -21"><span class='ocrx_word' id='word_1_139' title='bbox 228 2911 382 2987; x_wconf 82' lang='lat' dir='ltr'><strong>cesserit,</strong></span> <span class='ocrx_word' id='word_1_140' title='bbox 409 2910 516 2974; x_wconf 90' lang='lat' dir='ltr'><strong>ullam</strong></span> <span class='ocrx_word' id='word_1_141' title='bbox 540 2910 578 2975; x_wconf 90' lang='lat' dir='ltr'><strong>in</strong></span> <span class='ocrx_word' id='word_1_142' title='bbox 603 2911 722 2976; x_wconf 88' lang='lat' dir='ltr'><strong>eodem</strong></span> <span class='ocrx_word' id='word_1_143' title='bbox 744 2913 953 2977; x_wconf 88' lang='lat' dir='ltr'><strong>monasterio</strong></span> <span class='ocrx_word' id='word_1_144' title='bbox 979 2919 1141 2976; x_wconf 82' lang='lat' dir='ltr'><strong>exerceat</strong></span> <span class='ocrx_word' id='word_1_145' title='bbox 1163 2919 1280 2995; x_wconf 89' lang='lat' dir='ltr'><strong>potes-</strong></span> 
     </span>
     <span class='ocr_line' id='line_1_24' title="bbox 227 3011 1279 3089; baseline 0.002 -15"><span class='ocrx_word' id='word_1_146' title='bbox 227 3017 348 3089; x_wconf 86' lang='lat' dir='ltr'><strong>tatem,</strong></span> <span class='ocrx_word' id='word_1_147' title='bbox 364 3031 427 3075; x_wconf 88' lang='lat' dir='ltr'><strong>nec</strong></span> <span class='ocrx_word' id='word_1_148' title='bbox 442 3012 496 3074; x_wconf 89' lang='lat' dir='ltr'><strong>sui</strong></span> <span class='ocrx_word' id='word_1_149' title='bbox 509 3011 593 3075; x_wconf 89' lang='lat' dir='ltr'><strong>iuris</strong></span> <span class='ocrx_word' id='word_1_150' title='bbox 608 3012 738 3077; x_wconf 88' lang='lat' dir='ltr'><strong>ditione</strong></span> <span class='ocrx_word' id='word_1_151' title='bbox 754 3020 875 3079; x_wconf 90' lang='lat' dir='ltr'><strong>contra</strong></span> <span class='ocrx_word' id='word_1_152' title='bbox 889 3032 1059 3079; x_wconf 90' lang='lat' dir='ltr'><strong>canonum</strong></span> <span class='ocrx_word' id='word_1_153' title='bbox 1074 3013 1214 3077; x_wconf 90' lang='lat' dir='ltr'><strong>decreta</strong></span> <span class='ocrx_word' id='word_1_154' title='bbox 1225 3013 1279 3075; x_wconf 91' lang='lat' dir='ltr'><strong>in·</strong></span> 
     </span>
     <span class='ocr_line' id='line_1_25' title="bbox 229 3112 1278 3196; baseline 0.002 -21"><span class='ocrx_word' id='word_1_155' title='bbox 229 3112 445 3193; x_wconf 90' lang='lat' dir='ltr'><strong>quietudines</strong></span> <span class='ocrx_word' id='word_1_156' title='bbox 460 3113 594 3193; x_wconf 91' lang='lat' dir='ltr'><strong>aliquas</strong></span> <span class='ocrx_word' id='word_1_157' title='bbox 613 3113 726 3178; x_wconf 87' lang='lat' dir='ltr'><strong>facere</strong></span> <span class='ocrx_word' id='word_1_158' title='bbox 740 3121 938 3196; x_wconf 89' lang='lat' dir='ltr'><strong>praesumat</strong></span> <span class='ocrx_word' id='word_1_159' title='bbox 951 3136 959 3194; x_wconf 82' lang='lat'>3</span> <span class='ocrx_word' id='word_1_160' title='bbox 984 3134 1026 3178; x_wconf 88' lang='lat' dir='ltr'><strong>ea</strong></span> <span class='ocrx_word' id='word_1_161' title='bbox 1039 3134 1122 3179; x_wconf 92' lang='lat' dir='ltr'><strong>uero</strong></span> <span class='ocrx_word' id='word_1_162' title='bbox 1144 3120 1278 3178; x_wconf 89' lang='lat' dir='ltr'><strong>tantum</strong></span> 
     </span>
     <span class='ocr_line' id='line_1_26' title="bbox 229 3212 1279 3298; baseline 0.003 -23"><span class='ocrx_word' id='word_1_163' title='bbox 229 3212 336 3277; x_wconf 88' lang='lat' dir='ltr'><strong>saciat</strong></span> <span class='ocrx_word' id='word_1_164' title='bbox 349 3213 385 3276; x_wconf 94' lang='lat' dir='ltr'><strong>in</strong></span> <span class='ocrx_word' id='word_1_165' title='bbox 400 3213 577 3296; x_wconf 88' lang='lat' dir='ltr'><strong>praedicto</strong></span> <span class='ocrx_word' id='word_1_166' title='bbox 599 3216 820 3293; x_wconf 88' lang='lat' dir='ltr'><strong>monasterio,</strong></span> <span class='ocrx_word' id='word_1_167' title='bbox 836 3234 925 3298; x_wconf 88' lang='lat' dir='ltr'><strong>qnae</strong></span> <span class='ocrx_word' id='word_1_168' title='bbox 941 3215 985 3279; x_wconf 90' lang='lat' dir='ltr'><strong>ad</strong></span> <span class='ocrx_word' id='word_1_169' title='bbox 1003 3216 1190 3279; x_wconf 89' lang='lat' dir='ltr'><strong>utilitatem</strong></span> <span class='ocrx_word' id='word_1_170' title='bbox 1204 3216 1279 3278; x_wconf 90' lang='lat' dir='ltr'><strong>ani-</strong></span> 
     </span>
     <span class='ocr_line' id='line_1_27' title="bbox 228 3315 1278 3398; baseline 0.002 -22"><span class='ocrx_word' id='word_1_171' title='bbox 228 3333 361 3377; x_wconf 86' lang='lat' dir='ltr'><strong>mamm</strong></span> <span class='ocrx_word' id='word_1_172' title='bbox 384 3315 571 3398; x_wconf 89' lang='lat' dir='ltr'><strong>pertinent,</strong></span> <span class='ocrx_word' id='word_1_173' title='bbox 594 3315 827 3380; x_wconf 91' lang='lat' dir='ltr'><strong>ordinationes</strong></span> <span class='ocrx_word' id='word_1_174' title='bbox 853 3317 1084 3394; x_wconf 91' lang='lat' dir='ltr'><strong>sacerdotum,</strong></span> <span class='ocrx_word' id='word_1_175' title='bbox 1114 3316 1171 3380; x_wconf 91' lang='lat' dir='ltr'><strong>uel</strong></span> <span class='ocrx_word' id='word_1_176' title='bbox 1197 3334 1278 3378; x_wconf 91' lang='lat' dir='ltr'><strong>con-</strong></span> 
     </span>
     <span class='ocr_line' id='line_1_28' title="bbox 229 3403 1278 3499; baseline 0.003 -22"><span class='ocrx_word' id='word_1_177' title='bbox 229 3416 439 3480; x_wconf 87' lang='lat' dir='ltr'><strong>secrationes</strong></span> <span class='ocrx_word' id='word_1_178' title='bbox 471 3403 673 3479; x_wconf 85' lang='lat' dir='ltr'><strong>ancillarum</strong></span> <span class='ocrx_word' id='word_1_179' title='bbox 704 3416 769 3481; x_wconf 90' lang='lat' dir='ltr'><strong>dei.</strong></span> <span class='ocrx_word' id='word_1_180' title='bbox 823 3416 908 3499; x_wconf 91' lang='lat' dir='ltr'><strong>Ipsa</strong></span> <span class='ocrx_word' id='word_1_181' title='bbox 934 3437 1018 3481; x_wconf 90' lang='lat' dir='ltr'><strong>uero</strong></span> <span class='ocrx_word' id='word_1_182' title='bbox 1048 3424 1170 3480; x_wconf 88' lang='lat' dir='ltr'><strong>sancta</strong></span> <span class='ocrx_word' id='word_1_183' title='bbox 1196 3435 1278 3480; x_wconf 63' lang='lat' dir='ltr'><strong>oon-v</strong></span> 
     </span>
     <span class='ocr_line' id='line_1_29' title="bbox 229 3516 1278 3600; baseline 0.001 -23"><span class='ocrx_word' id='word_1_184' title='bbox 229 3517 397 3598; x_wconf 86' lang='lat' dir='ltr'><strong>gregatio,</strong></span> <span class='ocrx_word' id='word_1_185' title='bbox 419 3536 507 3598; x_wconf 88' lang='lat' dir='ltr'><strong>quae</strong></span> <span class='ocrx_word' id='word_1_186' title='bbox 530 3524 671 3600; x_wconf 91' lang='lat' dir='ltr'><strong>propter</strong></span> <span class='ocrx_word' id='word_1_187' title='bbox 690 3517 746 3582; x_wconf 93' lang='lat' dir='ltr'><strong>dei</strong></span> <span class='ocrx_word' id='word_1_188' title='bbox 767 3537 918 3582; x_wconf 88' lang='lat' dir='ltr'><strong>amorem</strong></span> <span class='ocrx_word' id='word_1_189' title='bbox 939 3518 1065 3582; x_wconf 91' lang='lat' dir='ltr'><strong>ibidem</strong></span> <span class='ocrx_word' id='word_1_190' title='bbox 1079 3518 1143 3581; x_wconf 92' lang='lat' dir='ltr'><strong>deo</strong></span> <span class='ocrx_word' id='word_1_191' title='bbox 1157 3516 1278 3580; x_wconf 91' lang='lat' dir='ltr'><strong>laudes</strong></span> 
     </span>
     <span class='ocr_line' id='line_1_30' title="bbox 229 3616 1278 3701; baseline 0.003 -23"><span class='ocrx_word' id='word_1_192' title='bbox 229 3617 380 3694; x_wconf 88' lang='lat' dir='ltr'><strong>exhibet,</strong></span> <span class='ocrx_word' id='word_1_193' title='bbox 400 3619 566 3682; x_wconf 88' lang='lat' dir='ltr'><strong>moriente</strong></span> <span class='ocrx_word' id='word_1_194' title='bbox 582 3618 769 3695; x_wconf 89' lang='lat' dir='ltr'><strong>abbatissa,</strong></span> <span class='ocrx_word' id='word_1_195' title='bbox 782 3637 828 3682; x_wconf 87' lang='lat' dir='ltr'><strong>ex</strong></span> <span class='ocrx_word' id='word_1_196' title='bbox 844 3619 959 3701; x_wconf 92' lang='lat' dir='ltr'><strong>seipsa</strong></span> <span class='ocrx_word' id='word_1_197' title='bbox 974 3619 1156 3682; x_wconf 91' lang='lat' dir='ltr'><strong>sibialiam</strong></span> <span class='ocrx_word' id='word_1_198' title='bbox 1171 3616 1278 3699; x_wconf 89' lang='lat' dir='ltr'><strong>eligat</strong></span> 
     </span>
     <span class='ocr_line' id='line_1_31' title="bbox 228 3717 1278 3803; baseline 0.001 -23"><span class='ocrx_word' id='word_1_199' title='bbox 228 3736 307 3780; x_wconf 91' lang='lat' dir='ltr'><strong>cum</strong></span> <span class='ocrx_word' id='word_1_200' title='bbox 329 3717 384 3781; x_wconf 91' lang='lat' dir='ltr'><strong>dei</strong></span> <span class='ocrx_word' id='word_1_201' title='bbox 406 3719 539 3782; x_wconf 88' lang='lat' dir='ltr'><strong>timore.</strong></span> <span class='ocrx_word' id='word_1_202' title='bbox 593 3719 722 3783; x_wconf 90' lang='lat' dir='ltr'><strong>Omnes</strong></span> <span class='ocrx_word' id='word_1_203' title='bbox 745 3726 855 3783; x_wconf 89' lang='lat' dir='ltr'><strong>terras</strong></span> <span class='ocrx_word' id='word_1_204' title='bbox 880 3740 969 3803; x_wconf 92' lang='lat' dir='ltr'><strong>quae</strong></span> <span class='ocrx_word' id='word_1_205' title='bbox 993 3720 1077 3784; x_wconf 90' lang='lat' dir='ltr'><strong>mihi</strong></span> <span class='ocrx_word' id='word_1_206' title='bbox 1099 3740 1142 3784; x_wconf 88' lang='lat' dir='ltr'><strong>ex</strong></span> <span class='ocrx_word' id='word_1_207' title='bbox 1172 3718 1278 3784; x_wconf 85' lang='lat' dir='ltr'><strong>dona-</strong></span> 
     </span>
     <span class='ocr_line' id='line_1_32' title="bbox 227 3819 1278 3901; baseline 0 -19"><span class='ocrx_word' id='word_1_208' title='bbox 227 3819 379 3882; x_wconf 86' lang='lat' dir='ltr'><strong>tionibus</strong></span> <span class='ocrx_word' id='word_1_209' title='bbox 415 3839 534 3901; x_wconf 89' lang='lat' dir='ltr'><strong>regum</strong></span> <span class='ocrx_word' id='word_1_210' title='bbox 561 3827 644 3885; x_wconf 92' lang='lat' dir='ltr'><strong>sunt</strong></span> <span class='ocrx_word' id='word_1_211' title='bbox 680 3839 865 3886; x_wconf 85' lang='lat' dir='ltr'><strong>concessae</strong></span> <span class='ocrx_word' id='word_1_212' title='bbox 902 3821 946 3885; x_wconf 90' lang='lat' dir='ltr'><strong>ad</strong></span> <span class='ocrx_word' id='word_1_213' title='bbox 974 3841 1098 3887; x_wconf 91' lang='lat' dir='ltr'><strong>nomen</strong></span> <span class='ocrx_word' id='word_1_214' title='bbox 1128 3819 1278 3884; x_wconf 89' lang='lat' dir='ltr'><strong>eiusdem</strong></span> 
     </span>
     <span class='ocr_line' id='line_1_33' title="bbox 227 3919 1279 4002; baseline 0.004 -21"><span class='ocrx_word' id='word_1_215' title='bbox 227 3919 439 3998; x_wconf 87' lang='lat' dir='ltr'><strong>monasterii,</strong></span> <span class='ocrx_word' id='word_1_216' title='bbox 464 3921 749 4002; x_wconf 89' lang='lat' dir='ltr'><strong>quemadmodum</strong></span> <span class='ocrx_word' id='word_1_217' title='bbox 773 3922 922 3987; x_wconf 87' lang='lat' dir='ltr'><strong>donatae</strong></span> <span class='ocrx_word' id='word_1_218' title='bbox 948 3929 1041 3998; x_wconf 89' lang='lat' dir='ltr'><strong>sunt,</strong></span> <span class='ocrx_word' id='word_1_219' title='bbox 1071 3927 1116 3986; x_wconf 71' lang='lat' dir='ltr'><strong>ex</strong></span> <span class='ocrx_word' id='word_1_220' title='bbox 1141 3921 1279 4002; x_wconf 88' lang='lat' dir='ltr'><strong>integro</strong></span> 
     </span>
     <span class='ocr_line' id='line_1_34' title="bbox 228 4021 1279 4104; baseline 0 -20"><span class='ocrx_word' id='word_1_221' title='bbox 228 4028 263 4084; x_wconf 90' lang='lat' dir='ltr'><strong>et</strong></span> <span class='ocrx_word' id='word_1_222' title='bbox 286 4022 402 4102; x_wconf 88' lang='lat' dir='ltr'><strong>quieto</strong></span> <span class='ocrx_word' id='word_1_223' title='bbox 416 4022 490 4085; x_wconf 90' lang='lat' dir='ltr'><strong>iure</strong></span> <span class='ocrx_word' id='word_1_224' title='bbox 511 4022 722 4104; x_wconf 85' lang='lat' dir='ltr'><strong>possideant,</strong></span> <span class='ocrx_word' id='word_1_225' title='bbox 745 4023 835 4087; x_wconf 91' lang='lat' dir='ltr'><strong>sicut</strong></span> <span class='ocrx_word' id='word_1_226' title='bbox 857 4021 1033 4086; x_wconf 88' lang='lat' dir='ltr'><strong>chartulae</strong></span> <span class='ocrx_word' id='word_1_227' title='bbox 1055 4021 1279 4086; x_wconf 89' lang='lat' dir='ltr'><strong>donationum</strong></span> 
     </span>
     <span class='ocr_line' id='line_1_35' title="bbox 230 4122 1279 4206; baseline 0.003 -22"><span class='ocrx_word' id='word_1_228' title='bbox 230 4122 420 4199; x_wconf 89' lang='lat' dir='ltr'><strong>continent,</strong></span> <span class='ocrx_word' id='word_1_229' title='bbox 456 4141 542 4204; x_wconf 88' lang='lat' dir='ltr'><strong>quas</strong></span> <span class='ocrx_word' id='word_1_230' title='bbox 572 4122 608 4185; x_wconf 94' lang='lat' dir='ltr'><strong>in</strong></span> <span class='ocrx_word' id='word_1_231' title='bbox 635 4124 810 4206; x_wconf 88' lang='lat' dir='ltr'><strong>praesenti</strong></span> <span class='ocrx_word' id='word_1_232' title='bbox 838 4124 937 4188; x_wconf 92' lang='lat' dir='ltr'><strong>uobis</strong></span> <span class='ocrx_word' id='word_1_233' title='bbox 966 4122 1102 4187; x_wconf 90' lang='lat' dir='ltr'><strong>tradidi.</strong></span> <span class='ocrx_word' id='word_1_234' title='bbox 1156 4124 1202 4187; x_wconf 88' lang='lat' dir='ltr'><strong>Et</strong></span> <span class='ocrx_word' id='word_1_235' title='bbox 1235 4143 1279 4187; x_wconf 91' lang='lat' dir='ltr'><strong>ne</strong></span> 
     </span>
     <span class='ocr_line' id='line_1_36' title="bbox 230 4222 1279 4307; baseline 0.003 -23"><span class='ocrx_word' id='word_1_236' title='bbox 230 4222 306 4305; x_wconf 91' lang='lat' dir='ltr'><strong>quis</strong></span> <span class='ocrx_word' id='word_1_237' title='bbox 330 4222 419 4287; x_wconf 88' lang='lat' dir='ltr'><strong>forte</strong></span> <span class='ocrx_word' id='word_1_238' title='bbox 443 4222 619 4305; x_wconf 87' lang='lat' dir='ltr'><strong>improbus</strong></span> <span class='ocrx_word' id='word_1_239' title='bbox 646 4231 792 4307; x_wconf 84' lang='lat' dir='ltr'><strong>negator</strong></span> <span class='ocrx_word' id='word_1_240' title='bbox 814 4224 914 4288; x_wconf 92' lang='lat' dir='ltr'><strong>huius</strong></span> <span class='ocrx_word' id='word_1_241' title='bbox 944 4225 1138 4290; x_wconf 89' lang='lat' dir='ltr'><strong>donationis</strong></span> <span class='ocrx_word' id='word_1_242' title='bbox 1167 4244 1279 4288; x_wconf 89' lang='lat' dir='ltr'><strong>erum-</strong></span> 
     </span>
    </p>
   </div>
   <div class='ocr_carea' id='block_1_6' title="bbox 0 0 1600 5032">
    <p class='ocr_par' dir='ltr' id='par_1_7' title="bbox 0 0 1600 5032">
     <span class='ocr_line' id='line_1_37' title="bbox 0 0 1600 5032; baseline 0 0"><span class='ocrx_word' id='word_1_243' title='bbox 0 0 1600 5032; x_wconf 95' lang='lat' dir='ltr'><strong> </strong></span> 
     </span>
    </p>
   </div>
  </div>
 </body>
</html>
