3134 5030
323 415 390 482 248
577 429 749 479 cnnnrnn
772 428 1110 479 nucmsnxourcnn.

744 582 962 651 cxcvrrr.
1074 595 1076 604 ’

658 681 943 812 cunnuunr,
965 732 1042 798 811.

384 885 424 966 »Β
439 882 484 949 ln
499 883 635 948 numine
645 883 763 948 dhinii
776 881 848 948 ihu.
859 879 931 971 xii.
944 888 1112 964 regnante
1126 882 1163 946 in
1175 888 1381 965 perpetuum

328 984 447 1060 eodem
469 980 514 1048 do
537 990 573 1049 et
597 983 665 1050 diro
684 984 745 1048 niu
765 982 826 1047 ihu
846 981 936 1071 xire.-
981 983 1058 1066 Ego
1077 982 1251 1048 cuenwulf
1267 981 1383 1064 gratia

327 1084 434 1149 direx
448 1083 661 1148 merciorum.
686 1083 774 1148 Uirc
784 1082 972 1150 uenerabili
984 1083 1196 1170 beornmodo
1205 1082 1381 1166 episcopo.

329 1184 447 1250 Tradu
462 1191 587 1249 terram
603 1184 687 1248 iuris
702 1184 769 1247 mei
784 1183 819 1248 id
831 1182 992 1267 estquasi
1008 1183 1076 1248 tria
1087 1190 1203 1248 aratra
1217 1184 1262 1248 ad
1277 1182 1383 1246 meri-

329 1286 467 1350 dianam
486 1283 627 1368 plagam
645 1283 799 1349 ciuitatis
813 1303 903 1366 quae
924 1283 1050 1347 dicitur
1071 1283 1300 1348 hrofescester
1316 1291 1382 1366 ..nt

330 1385 456 1450 habeut
469 1389 505 1448 et
519 1383 705 1466 possideat.
730 1392 765 1449 et
781 1383 972 1467 cuicunque
989 1383 1139 1448 u'uluerit
1158 1384 1219 1448 illo
1240 1384 1383 1448 uiuente

330 1505 392 1550 scu
416 1485 583 1549 moriente
607 1484 818 1549 aeternaliter
842 1484 1044 1548 tradendam
1071 1483 1232 1549 concedo.
1292 1483 1384 1548 Sunt

330 1584 469 1660 ¹hhniuu
482 1584 616 1650 telluris
632 1584 770 1649 termini
781 1584 1010 1673 nutissimiab
1027 1583 1159 1649 oriente
1174 1585 1234 1648 uia
1243 1583 1384 1667 puplica

331 1704 354 1750 a
366 1682 507 1749 meridie
521 1683 682 1749 uuldabii.
707 1685 751 1751 ab
773 1684 948 1750 occidente
968 1684 1094 1748 dubius
1115 1684 1317 1766 meduwege
1338 1685 1384 1748 ab

329 1784 491 1868 aquilone
505 1790 714 1867 mearateag.
766 1783 804 1848 Si
826 1783 904 1868 quis
927 1783 1016 1849 hanc
1035 1785 1257 1870 donationem
1267 1803 1384 1849 meam

329 1884 518 1967 infringere
540 1891 602 1949 aut
623 1883 776 1956 minuere
797 1885 1027 1968 temptauerit
1040 1886 1130 1950 sciat
1152 1904 1190 1950 se
1214 1885 1384 1949 rationem

331 1984 543 2062 redditurum
566 1991 648 2050 ante
670 1983 822 2049 tribunal
845 1985 977 2050 aeterni
998 1985 1121 2068 iudicis
1140 1985 1206 2049 nisi
1222 1985 1319 2070 prius
1338 1983 1384 2048 do

333 2092 369 2150 et
383 2084 577 2151 bominibus
592 2085 696 2167 digne
711 2084 955 2176 emenduuerit.
987 2093 1024 2149 et
1037 2084 1214 2168 praedicta
1229 2092 1324 2167 terra¹
1337 2085 1385 2148 sit

329 2183 442 2262 libera
462 2186 507 2250 ab
536 2185 628 2250 omni
659 2185 768 2268 regali
791 2192 827 2250 et
850 2185 1018 2249 saeculari
1042 2185 1184 2249 seruitio
1208 2233 1218 2249 .
1239 2185 1384 2250 adiectis

330 2285 491 2362 denheris
505 2285 542 2349 in
556 2304 736 2376 commune
749 2284 853 2349 saltn.
874 2284 1068 2370 Otanhyrst
1077 2285 1383 2368 etfraecinghyrst

331 2386 592 2468 [sceorfesstede.
605 2384 862 2470 orangauyras.
878 2384 1238 2451 wihiberincsaladstu.
1251 2392 1287 2450 et
1302 2385 1385 2450 hae-

332 2486 484 2551 seldaen.

335 2651 338 2658 A
389 2589 430 2669 »χο
449 2586 525 2668 Ego
545 2583 721 2650 ccenwuls
740 2605 803 2649 rex
826 2585 1030 2650 merciorum
1050 2586 1138 2671 hanc
1164 2584 1386 2651 donationem

333 2705 445 2750 meam
458 2686 559 2768 signo
573 2686 631 2750 sde
645 2685 757 2749 crucis
771 2683 832 2773 xiii
844 2686 1011 2753 aiirmaui.

389 2789 429 2869 ›1‹
450 2786 526 2868 Ego
538 2783 682 2849 wulfred
697 2784 792 2850 archi
806 2783 860 2873 eiii
872 2787 986 2853 osensi
1000 2796 1036 2852 et
1050 2786 1249 2869 subscripsi.

391 2887 430 2969 ›1‹
450 2885 527 2968 Ego
541 2884 727 2951 deneberht
741 2882 795 2973 11ῇὶ
809 2886 891 2950 coni
906 2896 941 2953 et
955 2889 1032 2953 suh.

391 2987 430 3068 ›1‹
450 2982 725 3069 Eguachelwulf
733 2983 787 3074 eiii
800 2987 881 3061 cuni
897 2996 933 3052 et
947 2989 1023 3053 suh.

392 3087 431 3168 ›1‹
451 3085 529 3167 Ego
543 3085 678 3167 sigered
692 3105 753 3150 rex
770 3087 853 3151 cuni
866 3095 901 3153 et
915 3088 991 3153 suh.
1132 3149 1134 3154 .

392 3187 431 3268 ›1‹
451 3184 691 3268 Eguaelhhrid
705 3187 826 3269 regina
839 3189 922 3253 coni
935 3195 971 3252 et
985 3188 1061 3252 sub.

330 3338 334 3345 .
381 3287 431 3368 ›1‹
452 3286 529 3369 Ego
543 3284 749 3378 beardberht
762 3286 834 3352 dux
849 3289 931 3353 cuni
945 3294 981 3352 et
996 3288 1072 3354 suh.

391 3387 430 3468 ›1‹
450 3387 528 3468 Ego
542 3386 727 3451 beornmod
744 3385 798 3474 ehi
810 3389 892 3453 coni
907 3396 943 3452 et
956 3390 1031 3452 sub.
1049 3397 1051 3402 '

392 3487 431 3568 ›1‹
451 3487 528 3569 Ego
540 3484 712 3551 becrnnch
723 3486 796 3551 dux
809 3489 892 3553 coni
904 3496 940 3553 et
952 3490 1028 3553 sub.

393 3587 432 3668 ›1‹
452 3587 529 3670 Ego
542 3585 721 3669 cynehelm
736 3585 809 3651 dux
824 3589 907 3652 coni
920 3589 1045 3655 etsuh.

394 3686 433 3767 ›1‹
451 3687 528 3769 Ego
544 3685 710 3752 eadberht
722 3686 794 3750 dux
809 3689 891 3752 coni
907 3696 942 3752 et
955 3689 1031 3752 sub.

330 3841 334 3846 ,
394 3786 433 3868 ›1‹
453 3787 529 3869 Ego
543 3785 731 3870 cyneberht
744 3785 901 3874 ppinquo
915 3788 1006 3870 regis
1019 3789 1103 3852 coni
1120 3795 1155 3852 et
1171 3788 1247 3851 sub.

394 3887 433 3968 ›1‹
454 3884 530 3969 Ege
543 3886 718 3951 coenwald
734 3887 892 3974 ppinquo
905 3888 996 3970 regis
1011 3889 1093 3953 coni
1107 3895 1142 3954 et
1156 3889 1231 3953 suh.
1247 3945 1251 3952 .

393 3986 433 4067 ᾧ
453 3986 528 4068 Ego
543 3985 738 4071 qucenbryh
751 3987 822 4051 filia
837 3989 928 4070 regis
942 3989 1029 4058 coni¹
1039 3995 1075 4053 et
1090 3990 1164 4053 suh.
1248 4041 1252 4048 .

394 4086 433 4167 ›1‹
454 4087 709 4169 Egocanberht
719 4086 790 4150 dux
805 4089 887 4152 coni
902 4095 937 4153 et
952 4091 1027 4154 sub.

394 4185 433 4266 ›1‹
455 4187 530 4270 Ego
546 4183 730 4278 aedelbeah
746 4187 827 4252 coni
843 4195 877 4254 et
892 4190 968 4254 sub.
