3168 5028
348 509 398 573 xii
700 522 1006 570 ruruonucrrcu.

327 707 328 710 ¹
388 687 420 751 3.
444 685 571 750 Omnia
595 683 695 761 enim,
718 691 758 748 ut
783 685 833 748 ait
856 682 1046 766 apostolus
1066 699 1156 763 quae
1181 682 1351 761 uidentur,

346 787 548 870 temporalia
572 790 673 866 sunt;
695 804 784 867 quae
810 791 925 849 autem
944 802 1013 847 non
1032 781 1192 847 uidentur
1210 790 1350 847 aeterna

346 895 437 953 sunt.
481 885 549 950 Pro
564 905 634 970 qua
646 905 695 964 re,
708 893 772 950 etc.

778 985 904 1050 Oshari
918 985 959 1049 of
969 985 1026 1050 the
1041 985 1218 1064 Hwiccas,
1231 985 1306 1050 693.

388 1091 421 1153 4.
444 1088 612 1168 Quamuis
628 1089 723 1153 solus
738 1107 849 1152 sermo
864 1087 1031 1152 sufficeret
1045 1087 1089 1151 ad
1104 1087 1352 1165 testimonium,

347 1198 500 1256 attamen
524 1211 586 1274 pro
610 1189 958 1279 cautelafuturorum
981 1196 1184 1272 temporum,
1204 1208 1247 1252 ne
1271 1188 1351 1271 quis

345 1293 432 1357 forte
458 1299 632 1376 posterum
658 1291 908 1355 fraudulentam
933 1292 1147 1372 ignorantiae
1176 1290 1349 1373 piaculum

346 1411 526 1474 perperam
551 1392 710 1467 incurrat,
735 1391 863 1455 idcirco
888 1391 1037 1454 scedulis
1065 1392 1188 1456 saltem
1213 1391 1353 1467 uilibus,

346 1511 408 1575 pro
442 1493 604 1574 ampliore
636 1491 808 1556 firmitatis
841 1485 1092 1576 supplemento,
1121 1493 1352 1558 necessarium

346 1612 423 1658 reor
436 1592 627 1659 adnectere.
672 1592 904 1677 Quapropter,
915 1601 980 1658 etc.

832 1695 1031 1759 Suaebraed
1045 1694 1086 1758 of
1095 1693 1219 1772 Essex,
1233 1693 1308 1757 704.

404 1799 436 1862 5.
462 1797 634 1880 Tempora
661 1797 870 1880 temporibus
899 1797 1058 1874 subeunt,
1085 1796 1170 1860 abiit
1196 1801 1232 1858 et
1257 1793 1353 1858 uenit

348 1905 458 1976 aetas,
471 1898 547 1962 sola
562 1903 756 1960 sanctorum
777 1897 882 1978 gloria
896 1896 997 1961 durat
1010 1895 1047 1959 in
1062 1895 1208 1960 Christo.
1252 1895 1355 1960 Ideo-

349 2018 427 2082 que,
441 2008 507 2063 etc.

565 2095 774 2162 Aedilheard
790 2099 859 2162 and
873 2098 1116 2176 Aetliluueard,
1129 2097 1309 2163 705-709.

397 2203 428 2268 6.
451 2199 514 2264 Ait
539 2201 629 2264 enim
656 2200 855 2284 apostolus3
887 2200 974 2264 nihil
997 2201 1176 2264 intulimus
1198 2201 1235 2263 in
1261 2199 1353 2262 hunc

350 2301 524 2379 mundum,
552 2320 670 2363 uerum
699 2319 762 2363 nec
793 2299 926 2364 auferre
955 2300 1037 2383 quid
1065 2319 1258 2383 possumus.
1308 2298 1355 2362 Et

349 2406 472 2468 beatus
485 2401 549 2465 Iob
568 2401 674 2465 dixit:
695 2400 808 2464 nudus
828 2421 986 2484 egressus
1007 2421 1083 2466 sum
1101 2423 1146 2468 ex
1166 2409 1264 2466 utero
1281 2420 1355 2464 ma·

350 2505 423 2584 tris,
438 2511 474 2567 et
486 2503 598 2566 nudus
613 2510 767 2568 reuertar
781 2503 816 2567 iu
832 2511 966 2570 terram.
1011 2504 1243 2589 Quapropter,
1258 2509 1323 2567 etc.

808 2603 992 2668 Aecilbald
1007 2604 1047 2667 os
1059 2603 1202 2680 Marcia,
1218 2639 1312 2665 -.

392 2705 425 2769 7.
447 2703 545 2768 Nihil
569 2704 746 2768 intulimus
773 2705 809 2768 in
833 2705 924 2768 hunc
948 2705 1123 2781 mundum,
1146 2722 1264 2766 uemm
1289 2721 1354 2767 nec

353 2806 486 2870 auferre
508 2805 590 2888 quid
611 2823 813 2888 possumus:
835 2807 960 2869 iccirco
987 2804 1130 2869 terrenis
1150 2821 1191 2867 ac
1214 2804 1354 2868 caducis

352 2915 493 2970 aeterna
520 2905 680 2970 coelestis
710 2905 843 2989 patriae
872 2906 1025 2988 praemia
1052 2905 1236 2970 mercanda
1264 2914 1355 2971 sunt.

352 3005 579 3089 Quapropter,
593 3011 657 3071 etc.
763 3005 914 3070 Aldraed
929 2989 969 3068 cs
977 3004 1034 3068 the
1048 3004 1223 3084 Hwiccas,
1236 3007 1311 3072 759.

394 3109 425 3172 8.
450 3108 594 3173 Omnem
607 3107 780 3171 hominem
800 3107 859 3189 qui
872 3107 1064 3178 ,secundum
1084 3107 1185 3171 deum
1201 3108 1299 3186 uiuit,
1321 3117 1357 3174 et

351 3209 559 3274 remunerari
588 3229 611 3273 a
633 3209 698 3272 deo
727 3216 842 3292 sperat
869 3216 905 3272 et
933 3216 1044 3291 optat,
1065 3213 1201 3292 op'ortet
1226 3216 1266 3272 ut
1287 3209 1355 3292 piis

352 3313 509 3394 precibus
546 3329 725 3374 assensum
758 3329 803 3374 ex
835 3310 950 3374 animo
986 3309 1137 3374 hilariter
1170 3310 1356 3394 praebeat3

352 3413 514 3496 quoniam
536 3420 667 3475 certum
691 3418 755 3488 est,
778 3417 876 3475 tanto
898 3411 1035 3475 facilius
1061 3431 1104 3475 ea
1127 3430 1216 3493 quae
1241 3411 1316 3491 ipse
1334 3429 1356 3474 a

351 3514 417 3577 deo
436 3511 633 3595 poposcerit
650 3512 812 3594 consequi
831 3531 945 3594 posse,
961 3521 1091 3595 quanto
1106 3517 1142 3574 et
1156 3511 1231 3593 ipse
1248 3511 1356 3574 liben-

352 3616 421 3678 tius
449 3611 641 3675 hominibus
672 3619 761 3674 recte
788 3613 966 3694 postulata
991 3612 1209 3675 concesserit.
1254 3609 1356 3689 Quod

352 3723 433 3779 tunc
455 3715 623 3777 bonorum
643 3713 792 3776 omnium
814 3715 966 3796 largitori
988 3713 1053 3777 deo
1075 3713 1288 3794 acceptabile
1306 3712 1357 3790 fit,

350 3835 429 3878 cum
458 3833 522 3898 pro
550 3812 626 3876 eius
659 3832 784 3892 amore,
813 3821 848 3878 et
876 3814 1026 3877 utilitate
1055 3812 1294 3876 famulantium
1324 3814 1356 3878 ei

352 3915 536 3996 peragitur.
582 3911 765 3991 Quocirca,
780 3922 845 3978 etc.
1237 3952 1240 3956 -

829 4014 1014 4080 Aenilbald
1031 4013 1070 4078 of
1082 4013 1259 4105 Marcia?
1303 4061 1311 4077 .

394 4115 427 4180 9.
451 4114 619 4194 Quamuis
634 4133 745 4196 parua
759 4121 795 4178 et
808 4115 935 4197 exigua
954 4115 1024 4178 sint
1038 4133 1128 4198 quac
1142 4133 1203 4197 pro
1219 4115 1356 4180 amissis

353 4213 535 4293 offerimus,
555 4220 671 4278 tamen
689 4215 768 4297 pius
788 4215 1005 4297 omnipotens
1026 4215 1111 4279 deus
1131 4233 1199 4280 non
1219 4217 1356 4299 quanti-
