3112 5032
466 441 639 492 curnula
665 441 1003 490 nucnoslxomcnn.
1189 423 1255 488 141

672 649 793 715 CXV.

337 829 359 871 *
384 827 693 894 CYNEUUULF
717 825 781 889 OF
804 821 1021 900 WESSEX,
1043 820 1119 885 766.

262 999 301 1079 ›1‹
319 997 365 1062 IN
387 998 524 1062 nomine
550 997 678 1061 domini
702 997 812 1062 nostri
842 996 948 1061 Ihesu
966 994 1114 1060 Christi!
1168 994 1257 1060 Cum

206 1105 341 1163 constet
370 1099 526 1162 omnibus
558 1097 736 1162 catholicis
774 1105 809 1162 et
845 1105 936 1162 recte
970 1091 1187 1161 credentibus
1221 1097 1257 1159 in

206 1199 344 1262 domino
374 1200 466 1281 quod
496 1206 654 1280 tempora
681 1197 782 1260 huius
808 1197 1007 1280 temporalis
1034 1197 1128 1261 uitae
1155 1197 1258 1278 longe

205 1299 347 1381 lateque
361 1318 424 1381 per
439 1299 556 1362 orbem
578 1298 717 1363 incertis
740 1315 780 1361 ac
800 1297 946 1360 diuersis
968 1298 1081 1361 causis
1105 1296 1260 1380 quotidie

207 1406 398 1476 transeunt,
420 1418 552 1462 necnon
568 1398 721 1462 homines
735 1397 917 1460 subitanea
930 1397 1144 1480 aegritudine
1157 1417 1258 1480 prae-

207 1493 314 1577 nenti,
330 1499 448 1563 statim
463 1498 572 1562 uitam
592 1498 740 1562 finiendo
763 1498 936 1574 deserunt,
952 1497 1121 1580 simulque
1144 1497 1258 1560 omnia

208 1598 357 1680 lugitiua
380 1599 544 1663 amittunt
567 1598 734 1662 beneficia
757 1598 884 1662 domini
905 1598 984 1661 sine
1009 1597 1126 1679 aliqua
1149 1597 1256 1660 tardi·

209 1708 282 1776 tate
297 1699 506 1783 pauperibus
529 1697 586 1762 hic
608 1698 789 1762 tribuendo
809 1717 1001 1782 erogemus,
1016 1704 1056 1761 ut
1072 1696 1154 1761 illuc
1168 1697 1258 1760 lrucz

210 1806 283 1865 tum
298 1799 464 1864 mercedis
485 1800 523 1864 in
543 1805 685 1864 aeterna
705 1799 820 1881 patria
834 1799 907 1862 sine
930 1798 996 1862 fine
1018 1817 1096 1861 cum
1121 1797 1259 1862 domino

210 1899 354 1964 feliciter
380 1899 600 1983 accipiamus.
668 1898 904 1982 Quapropter·
920 1918 986 1980 ego
1012 1896 1258 1980 Cyneuulphns

211 1999 485 2065 occidentalium
508 1999 685 2063 Saxonum
709 2017 783 2075 rex,
801 1997 952 2080 aliquam
974 2005 1088 2062 terrae
1114 1991 1260 2079 partem,

210 2121 273 2185 pro
299 2119 416 2164 amore
439 2100 494 2163 dei
516 2107 552 2163 et
575 2118 637 2183 pro
660 2095 858 2182 expiatione
878 2098 1080 2163 delictorum
1095 2116 1260 2176 meorum,

211 2219 353 2277 necnon,
378 2200 470 2282 quod
497 2200 604 2282 uerbo
633 2199 816 2262 dolendum
839 2204 904 2275 est,
926 2217 989 2281 pro
1012 2192 1129 2280 aliqua
1151 2215 1261 2261 uexa-

212 2301 304 2365 tione
325 2299 539 2364 inimioorum
556 2305 751 2363 nostrorum
775 2298 1025 2363 Cornubiorum
1045 2297 1169 2379 gentis
1183 2317 1262 2362 cum

212 2419 380 2466 consensu
404 2401 642 2483 episcoporum
663 2407 768 2482 atque
787 2397 1006 2482 satraparum
1025 2416 1191 2474 meorum,
1206 2390 1262 2462 dei

211 2501 369 2584 apostolo
403 2507 508 2583 atque
537 2500 704 2578 ministro,
733 2505 853 2563 sancto
881 2496 1055 2576 Andreae,
1087 2490 1262 2562 humiliter

210 2599 413 2665 ascribendo
433 2601 567 2665 donabo
578 2620 596 2678 3-
610 2599 676 2663 hoc
698 2605 752 2663 est
767 2615 820 2662 XI.
836 2599 1047 2664 manentium
1066 2618 1173 2681 prope
1196 2598 1262 2662 flu-

212 2702 307 2765 uium
329 2700 389 2784 qui
410 2699 536 2765 dicitnr
558 2698 730 2776 Uneluue,
751 2698 796 2763 ad
818 2684 1262 2782 augmentum-monasterii

213 2801 304 2886 quod
329 2801 434 2865 situm
456 2807 511 2867 est
533 2800 634 2864 iuxta
658 2799 786 2864 fontem
803 2817 967 2882 magnum
983 2818 1085 2882 quem
1105 2798 1262 2864 uocitant

151 2941 170 2969 a
215 2902 375 2980 Uuielea,
396 2907 436 2964 ut
451 2920 492 2965 eo
514 2899 711 2982 diligentius
736 2899 772 2962 in
795 2897 943 2964 ecclesia
965 2899 1077 2964 sancti
1100 2896 1263 2965 Andreae

215 3000 364 3084 apostoli
394 3001 459 3064 deo
487 2998 552 3064 soli
577 2999 785 3078 deseruiant,
813 2997 894 3062 hiis?
909 2999 1090 3065 territoriis
1117 2997 1262 3064 circum·

214 3101 391 3185 scriptam,
406 3106 472 3165 eta
524 3099 562 3163 Si
579 3100 666 3182 'quis'
683 3099 768 3165 haec
789 3099 974 3184 infringere
988 3101 1046 3164 nel
1061 3098 1262 3164 imminuere

215 3204 320 3266 ansus
340 3201 400 3278 sit,
424 3200 579 3264 sciat‘se
606 3205 722 3265 coram
750 3199 889 3264 Christo
913 3208 950 3265 et
974 3200 1103 3266 sanctis
1130 3200 1263 3282 angelis

216 3303 289 3368 eins
303 3301 340 3365 in
356 3300 479 3366 ultimo
501 3299 660 3364 examine
679 3300 848 3365 rationem
874 3300 1098 3366 redditurum.
1149 3293 1267 3384 Scap}

216 3409 254 3468 ta
274 3410 329 3467 est
350 3401 435 3466 haec
457 3399 656 3484 syngrapha
682 3418 772 3464 anno
800 3400 991 3466 dominicae
1019 3399 1267 3464 incarnationis

216 3507 388 3568 nconxvn
402 3501 520 3566 indict.
538 3517 607 3565 xu.
1067 3497 1072 3502 “
1183 3497 1187 3504 ’
1264 3543 1266 3548 ,

272 3604 313 3686 >1⁴
328 3604 406 3685 Ego
424 3599 671 3686 Cynennlphns
686 3597 917 3664 Geuuisorum
942 3598 1018 3676 rex,
1039 3596 1128 3661 hanc
1154 3594 1265 3662 meam

218 3703 442 3767 donationem
452 3722 529 3766 cnm
544 3701 722 3784 signaculo
740 3705 882 3764 sanctae
899 3699 1009 3764 crucis
1033 3698 1265 3764 corroborani.

223 3803 264 3885 >1⁴
280 3803 357 3886 Ego
390 3801 635 3868 Herenualdus
664 3801 846 3884 episcopus
877 3799 979 3864 huius
1014 3795 1266 3863 munificentiae

219 3903 387 3974 cartulam
401 3903 542 3986 propria
563 3921 666 3966 manu
690 3901 837 3983 signaui.
895 3900 934 3980 ›1‹
949 3899 1024 3982 Ego
1040 3896 1269 3983 Cynehardns

220 4004 401 4088 episcopus
416 4003 496 4068 huic
512 4002 667 4085 largitati
681 4002 839 4067 consensi
854 4006 890 4065 et
901 3999 1101 4082 subscripsi.
