3112 5032
311 399 376 465 230
555 411 727 462 cusnrnn
750 412 1092 461 succosnxourcsn.

316 575 488 639 aduentus
517 570 647 635 domini
671 569 853 634 occcuu⁰.
882 566 1076 631 Indictione
1104 567 1186 630 xu⁸.
1215 572 1251 629 et
1271 565 1371 645 regni

320 673 429 738 nostri
444 690 537 735 anno
552 687 631 734 vui.
673 668 832 732 Testium
846 669 906 750 qui
927 668 1017 731 hanc
1030 666 1241 749 praedictam
1263 665 1374 728 dona-

318 775 448 839 tionem
471 770 727 834 consentientes
749 768 851 850 signo
871 775 1013 831 sanctae
1029 768 1140 832 crucis
1160 765 1372 841 munierunt,

319 874 561 956 exprimuntur
575 869 725 934 nomina.

377 974 416 1054 »14
440 969 617 1036 coenuulf
636 989 699 1033 rex
731 966 821 1030 dabo
846 966 1047 1031 mercedem.
1116 968 1155 1048 »14
1181 963 1374 1029 Uulfredus

321 1071 610 1154 archiepiscopus.
667 1071 706 1150 »14
731 1065 947 1131 Cealuneard
972 1067 1057 1131 dux.
1114 1067 1153 1147 »14
1176 1063 1375 1129 Uulfheard

321 1171 551 1256 praepositus.
607 1171 646 1250 »14
667 1165 791 1232 Aeone
814 1159 958 1249 regina.¹
1016 1169 1055 1248 »14
1076 1164 1266 1249 Gynehelm
1287 1163 1375 1227 dux,

328 1275 368 1355 »14
383 1269 585 1335 Bearnhard
599 1267 828 1352 praepositus.
885 1268 924 1348 »14
945 1265 1080 1331 Cubred
1102 1285 1176 1330 rex.
1234 1267 1273 1346 »14
1290 1263 1376 1327 Tid-

323 1371 403 1436 uuls
411 1371 493 1435 dux.
549 1372 589 1452 »14
603 1366 768 1452 Suuyhun
782 1385 909 1431 comes.
964 1368 1006 1450 »14
1020 1364 1171 1430 Alduuls
1179 1365 1376 1448 episeopus.

330 1475 369 1555 »14
385 1472 523 1554 Uuicga
545 1471 629 1534 dux.
687 1471 726 1551 »14
743 1466 911 1551 Sigheard
934 1486 1061 1532 comes.
1117 1468 1156 1548 »14
1173 1464 1377 1530 Deneberht

326 1572 520 1655 episcopus.
590 1571 630 1651 »14
653 1567 827 1633 Adilhaeh
855 1585 982 1632 comes.
1052 1568 1092 1648 »14
1115 1564 1217 1650 Gyge
1246 1584 1376 1628 comes.

331 1675 370 1754 »14
391 1670 577 1736 Heaberht
599 1669 682 1735 dux.
749 1671 788 1750 »14
808 1665 938 1731 Osuuls
962 1684 1088 1731 comes.
1156 1667 1196 1747 »14
1216 1662 1377 1728 Bearnod

325 1791 451 1835 eomes.
508 1773 547 1853 »14
565 1765 722 1834 Beornot
737 1768 821 1832 dux.
878 1769 917 1849 »14
932 1764 1071 1831 Aedred
1084 1766 1315 1849 praepositus·

791 1925 914 1938 —

567 1989 572 1996 '
700 2011 1004 2078 ccxxxvnn

656 2107 1041 2221 connuunr‚sn.

350 2318 356 2330 ,
384 2271 424 2350 »14
438 2268 696 2332 Dtsrnussuua
718 2285 759 2329 ac
782 2267 997 2347 gubernante
1023 2266 1161 2350 domino
1183 2267 1248 2332 deo
1268 2269 1378 2333 omni-

328 2369 492 2452 potente!
544 2367 622 2449 Ego
639 2364 816 2431 Coenuuls
833 2385 897 2430 rex
914 2367 1158 2445 Maerciorum,
1173 2376 1209 2432 et
1222 2366 1379 2433 Cuthred

330 2469 437 2532 frater
449 2487 545 2532 meus
562 2487 626 2531 rex
640 2465 919 2544 Cantuariorum,
933 2486 1026 2546 anno
1049 2466 1240 2532 dominicae
1263 2469 1380 2532 incar-

331 2568 482 2632 nationis
511 2583 670 2632 ncccuu.
701 2567 934 2630 concessimus
965 2567 1154 2632 uenerabili
1182 2569 1381 2634 abbatissae

332 2667 571 2751 Selethrythae
595 2674 631 2731 et
654 2685 740 2744 suae
765 2665 917 2730 familiae
942 2667 986 2730 ad
1013 2667 1215 2733 aecclesiam
1236 2677 1382 2748 sanctae

332 2767 467 2842 Mariae
496 2786 631 2849 semper
659 2766 817 2848 uirginis,
844 2785 934 2848 quae
969 2767 1053 2830 sita.
1067 2773 1121 2831 est
1147 2768 1184 2832 in
1217 2769 1295 2833 loco
1319 2771 1382 2852 qui

331 2868 457 2931 dicitur
471 2866 655 2948 Limming,
670 2867 730 2931 ubi
743 2874 870 2949 pausat
884 2885 1010 2949 corpus
1022 2868 1146 2932 beame
1160 2868 1383 2950 Eadburgae,

332 2966 583 3048 aliquantulam
599 2973 712 3030 terrae
733 2973 868 3050 partem
889 2968 925 3030 in
947 2967 1088 3031 cirritate
1103 2968 1320 3032 Dorobernia
1334 2971 1382 3034 ad

334 3068 549 3130 necessitatis
563 3065 744 3148 refugium,
759 3065 824 3129 hoc
839 3071 892 3130 est
908 3083 954 3131 vr.
966 3067 1087 3148 iugera
1105 3069 1313 3150 pertinentia
1335 3070 1383 3133 ad

246 3221 253 3234 .
333 3166 533 3229 aecclesiam
556 3185 646 3247 quae
670 3166 739 3229 sita
760 3171 814 3228 est
835 3167 873 3232 in
896 3166 1026 3232 honore
1045 3167 1168 3231 heatae
1185 3168 1320 3232 Mariae
1342 3169 1384 3232 in

334 3265 539 3329 occidentali
552 3272 650 3347 parte
664 3265 816 3330 ciuitatis
830 3273 866 3330 et
879 3285 1025 3348 quorum
1036 3265 1173 3331 termini
1183 3268 1234 3332 sic
1241 3269 1385 3350 cingere

335 3366 509 3443 uidentur,
522 3372 586 3429 etc.
630 3364 667 3428 Si
678 3366 755 3447 quis
766 3372 881 3429 autem
892 3365 982 3430 hanc
993 3374 1148 3431 nostram
1158 3367 1385 3433 donationem

334 3465 522 3548 infringere
542 3465 597 3528 uel
620 3465 773 3528 minuere
791 3467 1024 3550 temptauerit,
1040 3467 1128 3531 sciat
1152 3486 1190 3532 se
1212 3469 1387 3550 rationem

336 3564 548 3630 redditurum
561 3565 598 3627 in
614 3564 669 3627 die
682 3564 810 3641 iudicii,
825 3567 892 3629 nisi
911 3573 992 3630 ante
1017 3567 1124 3650 digna
1146 3567 1388 3634 satisfactione

336 3663 400 3728 deo
414 3670 450 3728 et
463 3664 657 3728 hominibus
672 3662 853 3730 emendare
867 3665 1025 3730 uoluerit.
1078 3666 1125 3731 Et
1140 3666 1225 3732 haec
1240 3668 1388 3734 testium

337 3765 477 3828 nomina
489 3783 578 3846 quae
591 3762 733 3826 inferius
747 3764 877 3846 scripta
889 3772 981 3829 sunt.
1069 3843 1071 3850 y

393 3865 432 3944 »14
448 3863 524 3946 Ego
540 3862 728 3928 coenulfus
744 3882 807 3926 rex
821 3864 1043 3943 Merciorum‚
1057 3865 1146 3930 hanc
1161 3864 1391 3934 donationem

336 3981 448 4026 meam
474 3984 549 4028 cum
578 3963 680 4045 signo
710 3965 821 4027 crucis
848 3963 979 4029 Christi
1006 3966 1179 4030 confirmo.
1250 3969 1289 4049 »14
1305 3967 1393 4050 Ego

337 4060 532 4129 cuthredus
556 4083 618 4128 rex
647 4060 912 4147 Cantuariorum
941 4064 1042 4148 signo
1068 4067 1180 4130 crucis
1208 4067 1392 4134 confirmo

773 4188 782 4228 ¹·
792 4191 834 4240 Sic
842 4193 867 4240 in
881 4191 937 4241 MS.
