<?xml version="1.0" encoding="UTF-8"?>
<!DOCTYPE html PUBLIC "-//W3C//DTD XHTML 1.0 Transitional//EN"
    "http://www.w3.org/TR/xhtml1/DTD/xhtml1-transitional.dtd">
<html xmlns="http://www.w3.org/1999/xhtml" xml:lang="en" lang="en">
 <head>
  <title>
</title>
<meta http-equiv="Content-Type" content="text/html;charset=utf-8" />
  <meta name='ocr-system' content='tesseract 3.04.00' />
  <meta name='ocr-capabilities' content='ocr_page ocr_carea ocr_par ocr_line ocrx_word'/>
</head>
<body>
  <div class='ocr_page' id='page_1' title='image "./codexdiplomatic04kembgoog_0290.png"; bbox 0 0 3188 5032; ppageno 0'>
   <div class='ocr_carea' id='block_1_1' title="bbox 501 403 1295 468">
    <p class='ocr_par' dir='ltr' id='par_1_1' title="bbox 501 403 1295 468">
     <span class='ocr_line' id='line_1_1' title="bbox 501 403 1295 468; baseline 0.013 -10"><span class='ocrx_word' id='word_1_1' title='bbox 501 411 673 460; x_wconf 74' lang='lat' dir='ltr'>ouaarln</span> <span class='ocrx_word' id='word_1_2' title='bbox 695 413 1040 465; x_wconf 74' lang='lat' dir='ltr'>iuonosaxourcau.</span> <span class='ocrx_word' id='word_1_3' title='bbox 1229 403 1295 468; x_wconf 80' lang='grc'>139</span> 
     </span>
    </p>
   </div>
   <div class='ocr_carea' id='block_1_2' title="bbox 240 568 1296 1560">
    <p class='ocr_par' dir='ltr' id='par_1_2' title="bbox 240 568 1294 752">
     <span class='ocr_line' id='line_1_2' title="bbox 240 568 1294 656; baseline 0.009 -24"><span class='ocrx_word' id='word_1_4' title='bbox 240 587 322 633; x_wconf 90' lang='lat' dir='ltr'>num</span> <span class='ocrx_word' id='word_1_5' title='bbox 345 587 467 634; x_wconf 89' lang='lat' dir='ltr'>manus</span> <span class='ocrx_word' id='word_1_6' title='bbox 491 568 671 636; x_wconf 84' lang='lat' dir='ltr'>Hetraedi.</span> <span class='ocrx_word' id='word_1_7' title='bbox 729 575 770 654; x_wconf 74' lang='lat'>›1‹</span> <span class='ocrx_word' id='word_1_8' title='bbox 782 573 930 656; x_wconf 78' lang='lat' dir='ltr'>Signum</span> <span class='ocrx_word' id='word_1_9' title='bbox 955 593 1078 640; x_wconf 84' lang='lat' dir='ltr'>manus</span> <span class='ocrx_word' id='word_1_10' title='bbox 1103 575 1294 642; x_wconf 86' lang='lat' dir='ltr'>Beornulli.</span> 
     </span>
     <span class='ocr_line' id='line_1_3' title="bbox 244 669 731 752; baseline 0.008 -18"><span class='ocrx_word' id='word_1_11' title='bbox 244 673 285 752; x_wconf 77' lang='lat'>›1‹</span> <span class='ocrx_word' id='word_1_12' title='bbox 300 669 444 752; x_wconf 74' lang='lat' dir='ltr'>Signum</span> <span class='ocrx_word' id='word_1_13' title='bbox 458 689 582 734; x_wconf 90' lang='lat' dir='ltr'>manus</span> <span class='ocrx_word' id='word_1_14' title='bbox 598 671 731 738; x_wconf 89' lang='lat' dir='ltr'>Heara.</span> 
     </span>
    </p>

    <p class='ocr_par' dir='ltr' id='par_1_3' title="bbox 299 778 912 866">
     <span class='ocr_line' id='line_1_4' title="bbox 299 778 912 866; baseline 0.003 -22"><span class='ocrx_word' id='word_1_15' title='bbox 299 778 498 862; x_wconf 79' lang='lat' dir='ltr'>Conflmrutio</span> <span class='ocrx_word' id='word_1_16' title='bbox 516 779 607 866; x_wconf 82' lang='lat' dir='ltr'>Offae</span> <span class='ocrx_word' id='word_1_17' title='bbox 621 784 701 866; x_wconf 71' lang='lat' dir='ltr'>repis</span> <span class='ocrx_word' id='word_1_18' title='bbox 715 781 912 846; x_wconf 69' lang='lat' dir='ltr'>Marciorum</span> 
     </span>
    </p>

    <p class='ocr_par' dir='ltr' id='par_1_4' title="bbox 240 873 1296 1560">
     <span class='ocr_line' id='line_1_5' title="bbox 297 873 1295 960; baseline 0.008 -25"><span class='ocrx_word' id='word_1_19' title='bbox 297 873 336 953; x_wconf 76' lang='lat'>›1‹</span> <span class='ocrx_word' id='word_1_20' title='bbox 353 873 430 955; x_wconf 83' lang='lat' dir='ltr'>Ego</span> <span class='ocrx_word' id='word_1_21' title='bbox 457 873 537 938; x_wconf 86' lang='lat' dir='ltr'>Offa</span> <span class='ocrx_word' id='word_1_22' title='bbox 562 895 624 940; x_wconf 87' lang='lat' dir='ltr'>rex</span> <span class='ocrx_word' id='word_1_23' title='bbox 646 875 868 955; x_wconf 80' lang='lat' dir='ltr'>Marciorum,</span> <span class='ocrx_word' id='word_1_24' title='bbox 889 876 933 941; x_wconf 90' lang='lat' dir='ltr'>ad</span> <span class='ocrx_word' id='word_1_25' title='bbox 955 877 1157 960; x_wconf 81' lang='lat' dir='ltr'>petitionem</span> <span class='ocrx_word' id='word_1_26' title='bbox 1183 878 1295 944; x_wconf 87' lang='lat' dir='ltr'>Eard·</span> 
     </span>
     <span class='ocr_line' id='line_1_6' title="bbox 241 973 1296 1061; baseline 0.009 -26"><span class='ocrx_word' id='word_1_27' title='bbox 241 973 325 1036; x_wconf 86' lang='lat' dir='ltr'>unlfi</span> <span class='ocrx_word' id='word_1_28' title='bbox 356 973 521 1056; x_wconf 85' lang='lat' dir='ltr'>episcopi,</span> <span class='ocrx_word' id='word_1_29' title='bbox 549 975 639 1039; x_wconf 89' lang='lat' dir='ltr'>hanc</span> <span class='ocrx_word' id='word_1_30' title='bbox 662 974 884 1041; x_wconf 85' lang='lat' dir='ltr'>donationem</span> <span class='ocrx_word' id='word_1_31' title='bbox 903 978 939 1041; x_wconf 94' lang='lat' dir='ltr'>in</span> <span class='ocrx_word' id='word_1_32' title='bbox 967 979 1177 1044; x_wconf 88' lang='lat' dir='ltr'>monasterio</span> <span class='ocrx_word' id='word_1_33' title='bbox 1204 980 1296 1061; x_wconf 91' lang='lat' dir='ltr'>quod</span> 
     </span>
     <span class='ocr_line' id='line_1_7' title="bbox 242 1073 1296 1160; baseline 0.008 -24"><span class='ocrx_word' id='word_1_34' title='bbox 242 1073 438 1156; x_wconf 89' lang='lat' dir='ltr'>appellatus</span> <span class='ocrx_word' id='word_1_35' title='bbox 463 1081 517 1138; x_wconf 89' lang='lat' dir='ltr'>est</span> <span class='ocrx_word' id='word_1_36' title='bbox 542 1075 914 1158; x_wconf 86' lang='lat' dir='ltr'>Medy[s]haemstede,</span> <span class='ocrx_word' id='word_1_37' title='bbox 936 1079 1156 1160; x_wconf 82' lang='lat' dir='ltr'>praesidente</span> <span class='ocrx_word' id='word_1_38' title='bbox 1169 1080 1296 1144; x_wconf 81' lang='lat' dir='ltr'>abbate</span> 
     </span>
     <span class='ocr_line' id='line_1_8' title="bbox 242 1173 1295 1260; baseline 0.007 -23"><span class='ocrx_word' id='word_1_39' title='bbox 242 1173 419 1238; x_wconf 77' lang='lat' dir='ltr'>Bomuino</span> <span class='ocrx_word' id='word_1_40' title='bbox 441 1193 530 1252; x_wconf 90' lang='lat' dir='ltr'>meo,</span> <span class='ocrx_word' id='word_1_41' title='bbox 546 1194 651 1239; x_wconf 89' lang='lat' dir='ltr'>manu</span> <span class='ocrx_word' id='word_1_42' title='bbox 666 1183 772 1258; x_wconf 88' lang='lat' dir='ltr'>atque</span> <span class='ocrx_word' id='word_1_43' title='bbox 786 1178 1012 1260; x_wconf 87' lang='lat' dir='ltr'>impressione</span> <span class='ocrx_word' id='word_1_44' title='bbox 1027 1180 1295 1244; x_wconf 84' lang='lat' dir='ltr'>sanctaecrucis</span> 
     </span>
     <span class='ocr_line' id='line_1_9' title="bbox 243 1273 1294 1353; baseline 0.006 -15"><span class='ocrx_word' id='word_1_45' title='bbox 243 1273 373 1339; x_wconf 85' lang='lat' dir='ltr'>Christi</span> <span class='ocrx_word' id='word_1_46' title='bbox 387 1275 621 1353; x_wconf 86' lang='lat' dir='ltr'>corroboraui,</span> <span class='ocrx_word' id='word_1_47' title='bbox 634 1283 671 1340; x_wconf 87' lang='lat' dir='ltr'>et</span> <span class='ocrx_word' id='word_1_48' title='bbox 687 1277 864 1341; x_wconf 77' lang='lat' dir='ltr'>licentiam</span> <span class='ocrx_word' id='word_1_49' title='bbox 878 1277 957 1342; x_wconf 83' lang='lat' dir='ltr'>dedi</span> <span class='ocrx_word' id='word_1_50' title='bbox 972 1277 1122 1343; x_wconf 88' lang='lat' dir='ltr'>habendi</span> <span class='ocrx_word' id='word_1_51' title='bbox 1143 1298 1206 1343; x_wconf 91' lang='lat' dir='ltr'>seu</span> <span class='ocrx_word' id='word_1_52' title='bbox 1222 1288 1294 1344; x_wconf 85' lang='lat' dir='ltr'>tra·</span> 
     </span>
     <span class='ocr_line' id='line_1_10' title="bbox 241 1374 1295 1460; baseline 0.005 -22"><span class='ocrx_word' id='word_1_53' title='bbox 241 1374 345 1439; x_wconf 87' lang='lat' dir='ltr'>dendi</span> <span class='ocrx_word' id='word_1_54' title='bbox 368 1376 562 1458; x_wconf 85' lang='lat' dir='ltr'>cuicunque</span> <span class='ocrx_word' id='word_1_55' title='bbox 585 1375 765 1441; x_wconf 87' lang='lat' dir='ltr'>uoluisset.</span> <span class='ocrx_word' id='word_1_56' title='bbox 820 1378 861 1457; x_wconf 76' lang='lat'>›1‹</span> <span class='ocrx_word' id='word_1_57' title='bbox 888 1378 965 1460; x_wconf 85' lang='lat' dir='ltr'>Ego</span> <span class='ocrx_word' id='word_1_58' title='bbox 988 1379 1164 1445; x_wconf 90' lang='lat' dir='ltr'>Botuuine</span> <span class='ocrx_word' id='word_1_59' title='bbox 1186 1381 1295 1444; x_wconf 87' lang='lat' dir='ltr'>abbas</span> 
     </span>
     <span class='ocr_line' id='line_1_11' title="bbox 240 1476 660 1560; baseline 0.002 -20"><span class='ocrx_word' id='word_1_60' title='bbox 240 1477 399 1541; x_wconf 87' lang='lat' dir='ltr'>consensi</span> <span class='ocrx_word' id='word_1_61' title='bbox 412 1484 447 1542; x_wconf 88' lang='lat' dir='ltr'>et</span> <span class='ocrx_word' id='word_1_62' title='bbox 461 1476 660 1560; x_wconf 85' lang='lat' dir='ltr'>subscripsi.</span> 
     </span>
    </p>
   </div>
   <div class='ocr_carea' id='block_1_3' title="bbox 702 1653 821 1664">
    <p class='ocr_par' dir='ltr' id='par_1_5' title="bbox 702 1653 821 1664">
     <span class='ocr_line' id='line_1_12' title="bbox 702 1653 821 1664; baseline 0 0"><span class='ocrx_word' id='word_1_63' title='bbox 702 1653 821 1664; x_wconf 57' lang='lat'>⁸¹*—</span> 
     </span>
    </p>
   </div>
   <div class='ocr_carea' id='block_1_4' title="bbox 694 1773 839 1841">
    <p class='ocr_par' dir='ltr' id='par_1_6' title="bbox 694 1773 839 1841">
     <span class='ocr_line' id='line_1_13' title="bbox 694 1773 839 1841; baseline 0 -1"><span class='ocrx_word' id='word_1_64' title='bbox 694 1773 839 1841; x_wconf 84' lang='lat' dir='ltr'>CXIV.</span> 
     </span>
    </p>
   </div>
   <div class='ocr_carea' id='block_1_5' title="bbox 405 1922 1132 2005">
    <p class='ocr_par' dir='ltr' id='par_1_7' title="bbox 405 1922 1132 2005">
     <span class='ocr_line' id='line_1_14' title="bbox 405 1922 1132 2005; baseline 0.001 -18"><span class='ocrx_word' id='word_1_65' title='bbox 405 1922 648 1990; x_wconf 87' lang='lat' dir='ltr'><strong>SIGIRAED</strong></span> <span class='ocrx_word' id='word_1_66' title='bbox 674 1925 738 1990; x_wconf 91' lang='lat' dir='ltr'>OF</span> <span class='ocrx_word' id='word_1_67' title='bbox 766 1923 918 2005; x_wconf 88' lang='lat' dir='ltr'>KENT,</span> <span class='ocrx_word' id='word_1_68' title='bbox 940 1923 1132 1990; x_wconf 81' lang='lat'><strong>759-765.</strong></span> 
     </span>
    </p>
   </div>
   <div class='ocr_carea' id='block_1_6' title="bbox 177 2043 1367 4252">
    <p class='ocr_par' dir='ltr' id='par_1_8' title="bbox 177 2043 1367 4252">
     <span class='ocr_line' id='line_1_15' title="bbox 294 2043 1294 2128; baseline -0.001 -15"><span class='ocrx_word' id='word_1_69' title='bbox 294 2049 334 2128; x_wconf 71' lang='lat'>&gt;1⁴</span> <span class='ocrx_word' id='word_1_70' title='bbox 353 2048 399 2113; x_wconf 81' lang='lat' dir='ltr'>Iu</span> <span class='ocrx_word' id='word_1_71' title='bbox 425 2049 564 2114; x_wconf 89' lang='lat' dir='ltr'>nomine</span> <span class='ocrx_word' id='word_1_72' title='bbox 592 2050 723 2115; x_wconf 90' lang='lat' dir='ltr'>domini</span> <span class='ocrx_word' id='word_1_73' title='bbox 752 2051 808 2116; x_wconf 89' lang='lat' dir='ltr'>dei</span> <span class='ocrx_word' id='word_1_74' title='bbox 832 2052 1018 2116; x_wconf 87' lang='lat' dir='ltr'>saluatoris</span> <span class='ocrx_word' id='word_1_75' title='bbox 1049 2049 1159 2114; x_wconf 89' lang='lat' dir='ltr'>nostri</span> <span class='ocrx_word' id='word_1_76' title='bbox 1189 2043 1294 2113; x_wconf 87' lang='lat' dir='ltr'>Ihesu</span> 
     </span>
     <span class='ocr_line' id='line_1_16' title="bbox 242 2146 1293 2234; baseline 0.002 -23"><span class='ocrx_word' id='word_1_77' title='bbox 242 2146 389 2214; x_wconf 85' lang='lat' dir='ltr'>Christi!</span> <span class='ocrx_word' id='word_1_78' title='bbox 450 2149 620 2228; x_wconf 84' lang='lat' dir='ltr'>Quamuis</span> <span class='ocrx_word' id='word_1_79' title='bbox 647 2169 758 2233; x_wconf 88' lang='lat' dir='ltr'>parua</span> <span class='ocrx_word' id='word_1_80' title='bbox 786 2159 823 2216; x_wconf 91' lang='lat' dir='ltr'>et</span> <span class='ocrx_word' id='word_1_81' title='bbox 848 2153 974 2234; x_wconf 82' lang='lat' dir='ltr'>exigua</span> <span class='ocrx_word' id='word_1_82' title='bbox 1004 2151 1087 2228; x_wconf 86' lang='lat' dir='ltr'>sint,</span> <span class='ocrx_word' id='word_1_83' title='bbox 1117 2169 1207 2233; x_wconf 88' lang='lat' dir='ltr'>quae</span> <span class='ocrx_word' id='word_1_84' title='bbox 1230 2169 1293 2231; x_wconf 92' lang='lat' dir='ltr'>pro</span> 
     </span>
     <span class='ocr_line' id='line_1_17' title="bbox 241 2249 1294 2334; baseline 0.002 -24"><span class='ocrx_word' id='word_1_85' title='bbox 241 2249 377 2324; x_wconf 79' lang='lat' dir='ltr'>amissis</span> <span class='ocrx_word' id='word_1_86' title='bbox 399 2249 584 2328; x_wconf 85' lang='lat' dir='ltr'>offerimus,</span> <span class='ocrx_word' id='word_1_87' title='bbox 612 2257 730 2315; x_wconf 88' lang='lat' dir='ltr'>tamen</span> <span class='ocrx_word' id='word_1_88' title='bbox 755 2252 833 2333; x_wconf 91' lang='lat' dir='ltr'>pius</span> <span class='ocrx_word' id='word_1_89' title='bbox 862 2252 1079 2334; x_wconf 88' lang='lat' dir='ltr'>omnipotens</span> <span class='ocrx_word' id='word_1_90' title='bbox 1110 2250 1195 2314; x_wconf 90' lang='lat' dir='ltr'>deus</span> <span class='ocrx_word' id='word_1_91' title='bbox 1225 2268 1294 2312; x_wconf 90' lang='lat' dir='ltr'>non</span> 
     </span>
     <span class='ocr_line' id='line_1_18' title="bbox 241 2349 1293 2430; baseline 0 -19"><span class='ocrx_word' id='word_1_92' title='bbox 241 2349 471 2430; x_wconf 84' lang='lat' dir='ltr'>quantitatem</span> <span class='ocrx_word' id='word_1_93' title='bbox 485 2351 648 2429; x_wconf 90' lang='lat' dir='ltr'>muneris,</span> <span class='ocrx_word' id='word_1_94' title='bbox 662 2351 723 2415; x_wconf 88' lang='lat' dir='ltr'>sed</span> <span class='ocrx_word' id='word_1_95' title='bbox 739 2351 958 2416; x_wconf 89' lang='lat' dir='ltr'>deuotionem</span> <span class='ocrx_word' id='word_1_96' title='bbox 973 2350 1186 2415; x_wconf 86' lang='lat' dir='ltr'>offerentium</span> <span class='ocrx_word' id='word_1_97' title='bbox 1203 2367 1293 2412; x_wconf 87' lang='lat' dir='ltr'>sem·</span> 
     </span>
     <span class='ocr_line' id='line_1_19' title="bbox 241 2447 1293 2534; baseline -0.002 -22"><span class='ocrx_word' id='word_1_98' title='bbox 241 2467 302 2529; x_wconf 88' lang='lat' dir='ltr'>per</span> <span class='ocrx_word' id='word_1_99' title='bbox 331 2450 488 2534; x_wconf 83' lang='lat' dir='ltr'>inquirit.</span> <span class='ocrx_word' id='word_1_100' title='bbox 539 2451 621 2530; x_wconf 82' lang='lat' dir='ltr'>Qua</span> <span class='ocrx_word' id='word_1_101' title='bbox 646 2450 691 2514; x_wconf 90' lang='lat' dir='ltr'>de</span> <span class='ocrx_word' id='word_1_102' title='bbox 712 2471 750 2516; x_wconf 89' lang='lat' dir='ltr'>re</span> <span class='ocrx_word' id='word_1_103' title='bbox 778 2451 855 2534; x_wconf 78' lang='lat' dir='ltr'>Ego</span> <span class='ocrx_word' id='word_1_104' title='bbox 885 2449 1089 2533; x_wconf 79' lang='lat' dir='ltr'>sigeredus,¹</span> <span class='ocrx_word' id='word_1_105' title='bbox 1106 2469 1169 2513; x_wconf 90' lang='lat' dir='ltr'>rex</span> <span class='ocrx_word' id='word_1_106' title='bbox 1193 2447 1293 2511; x_wconf 91' lang='lat' dir='ltr'>dimi·</span> 
     </span>
     <span class='ocr_line' id='line_1_20' title="bbox 241 2548 1367 2636; baseline 0 -24"><span class='ocrx_word' id='word_1_107' title='bbox 241 2549 318 2614; x_wconf 89' lang='lat' dir='ltr'>diae</span> <span class='ocrx_word' id='word_1_108' title='bbox 339 2553 449 2634; x_wconf 89' lang='lat' dir='ltr'>partis</span> <span class='ocrx_word' id='word_1_109' title='bbox 470 2552 669 2636; x_wconf 89' lang='lat' dir='ltr'>prouinciae</span> <span class='ocrx_word' id='word_1_110' title='bbox 686 2550 963 2629; x_wconf 85' lang='lat' dir='ltr'>Cantuariorum,</span> <span class='ocrx_word' id='word_1_111' title='bbox 981 2556 1053 2613; x_wconf 91' lang='lat' dir='ltr'>tam</span> <span class='ocrx_word' id='word_1_112' title='bbox 1074 2567 1137 2631; x_wconf 90' lang='lat' dir='ltr'>pro</span> <span class='ocrx_word' id='word_1_113' title='bbox 1158 2548 1293 2612; x_wconf 86' lang='lat' dir='ltr'>animae</span> <span class='ocrx_word' id='word_1_114' title='bbox 1312 2619 1319 2634; x_wconf 53' lang='grc'>,</span> <span class='ocrx_word' id='word_1_115' title='bbox 1357 2599 1367 2618; x_wconf 87' lang='lat'><strong>.</strong></span> 
     </span>
     <span class='ocr_line' id='line_1_21' title="bbox 241 2635 1291 2736; baseline -0.002 -24"><span class='ocrx_word' id='word_1_116' title='bbox 241 2667 337 2716; x_wconf 88' lang='lat' dir='ltr'>meae</span> <span class='ocrx_word' id='word_1_117' title='bbox 359 2652 521 2731; x_wconf 88' lang='lat' dir='ltr'>remedio,</span> <span class='ocrx_word' id='word_1_118' title='bbox 535 2671 639 2736; x_wconf 89' lang='lat' dir='ltr'>quam</span> <span class='ocrx_word' id='word_1_119' title='bbox 654 2671 718 2736; x_wconf 92' lang='lat' dir='ltr'>pro</span> <span class='ocrx_word' id='word_1_120' title='bbox 733 2670 850 2715; x_wconf 89' lang='lat' dir='ltr'>amore</span> <span class='ocrx_word' id='word_1_121' title='bbox 864 2650 1110 2733; x_wconf 84' lang='lat' dir='ltr'>omnipotentis</span> <span class='ocrx_word' id='word_1_122' title='bbox 1131 2648 1198 2726; x_wconf 86' lang='lat' dir='ltr'>dei,</span> <span class='ocrx_word' id='word_1_123' title='bbox 1220 2635 1291 2711; x_wconf 69' lang='lat' dir='ltr'>tei·</span> 
     </span>
     <span class='ocr_line' id='line_1_22' title="bbox 241 2745 1292 2836; baseline -0.002 -22"><span class='ocrx_word' id='word_1_124' title='bbox 241 2769 316 2814; x_wconf 89' lang='lat' dir='ltr'>ram</span> <span class='ocrx_word' id='word_1_125' title='bbox 350 2758 544 2816; x_wconf 82' lang='lat' dir='ltr'>aratrorum</span> <span class='ocrx_word' id='word_1_126' title='bbox 581 2768 650 2816; x_wconf 83' lang='lat' dir='ltr'>xx.</span> <span class='ocrx_word' id='word_1_127' title='bbox 683 2771 773 2836; x_wconf 89' lang='lat' dir='ltr'>quae</span> <span class='ocrx_word' id='word_1_128' title='bbox 807 2750 1004 2834; x_wconf 89' lang='lat' dir='ltr'>appellatur</span> <span class='ocrx_word' id='word_1_129' title='bbox 1030 2745 1292 2831; x_wconf 84' lang='lat' dir='ltr'>Aeslingaham,</span> 
     </span>
     <span class='ocr_line' id='line_1_23' title="bbox 177 2847 1292 2935; baseline 0.001 -25"><span class='ocrx_word' id='word_1_130' title='bbox 177 2893 188 2910; x_wconf 92' lang='lat'><em>.</em></span> <span class='ocrx_word' id='word_1_131' title='bbox 240 2851 303 2916; x_wconf 87' lang='lat' dir='ltr'>tibi</span> <span class='ocrx_word' id='word_1_132' title='bbox 332 2852 609 2916; x_wconf 88' lang='lat' dir='ltr'>reuerentissimo</span> <span class='ocrx_word' id='word_1_133' title='bbox 630 2852 792 2935; x_wconf 88' lang='lat' dir='ltr'>episcopo</span> <span class='ocrx_word' id='word_1_134' title='bbox 816 2850 1006 2915; x_wconf 83' lang='lat' dir='ltr'>Earduulso</span> <span class='ocrx_word' id='word_1_135' title='bbox 1028 2855 1170 2915; x_wconf 86' lang='lat' dir='ltr'>sanctae</span> <span class='ocrx_word' id='word_1_136' title='bbox 1195 2847 1292 2912; x_wconf 91' lang='lat' dir='ltr'>Hro-</span> 
     </span>
     <span class='ocr_line' id='line_1_24' title="bbox 241 2949 1293 3034; baseline 0.003 -19"><span class='ocrx_word' id='word_1_137' title='bbox 241 2952 347 3016; x_wconf 84' lang='lat' dir='ltr'>fensis</span> <span class='ocrx_word' id='word_1_138' title='bbox 378 2951 554 3031; x_wconf 90' lang='lat' dir='ltr'>ecclesiae,</span> <span class='ocrx_word' id='word_1_139' title='bbox 581 2971 658 3016; x_wconf 90' lang='lat' dir='ltr'>cum</span> <span class='ocrx_word' id='word_1_140' title='bbox 683 2951 856 3015; x_wconf 89' lang='lat' dir='ltr'>uniuersis</span> <span class='ocrx_word' id='word_1_141' title='bbox 889 2951 932 3016; x_wconf 89' lang='lat' dir='ltr'>ad</span> <span class='ocrx_word' id='word_1_142' title='bbox 969 2971 1007 3015; x_wconf 92' lang='lat' dir='ltr'>se</span> <span class='ocrx_word' id='word_1_143' title='bbox 1042 2949 1293 3034; x_wconf 82' lang='lat' dir='ltr'>pertinentibus</span> 
     </span>
     <span class='ocr_line' id='line_1_25' title="bbox 241 3050 1292 3136; baseline -0.005 -19"><span class='ocrx_word' id='word_1_144' title='bbox 241 3052 383 3136; x_wconf 84' lang='lat' dir='ltr'>campis,</span> <span class='ocrx_word' id='word_1_145' title='bbox 406 3051 516 3130; x_wconf 71' lang='lat' dir='ltr'>silius,</span> <span class='ocrx_word' id='word_1_146' title='bbox 543 3053 665 3134; x_wconf 89' lang='lat' dir='ltr'>pratis,</span> <span class='ocrx_word' id='word_1_147' title='bbox 686 3052 837 3135; x_wconf 83' lang='lat' dir='ltr'>pascuis,</span> <span class='ocrx_word' id='word_1_148' title='bbox 858 3051 1042 3135; x_wconf 88' lang='lat' dir='ltr'>paludibus</span> <span class='ocrx_word' id='word_1_149' title='bbox 1063 3058 1099 3114; x_wconf 90' lang='lat' dir='ltr'>et</span> <span class='ocrx_word' id='word_1_150' title='bbox 1122 3050 1234 3132; x_wconf 90' lang='lat' dir='ltr'>aquis,</span> <span class='ocrx_word' id='word_1_151' title='bbox 1257 3057 1292 3113; x_wconf 89' lang='lat' dir='ltr'>et</span> 
     </span>
     <span class='ocr_line' id='line_1_26' title="bbox 241 3149 1289 3235; baseline -0.002 -20"><span class='ocrx_word' id='word_1_152' title='bbox 241 3171 320 3215; x_wconf 91' lang='lat' dir='ltr'>cum</span> <span class='ocrx_word' id='word_1_153' title='bbox 355 3152 450 3215; x_wconf 91' lang='lat' dir='ltr'>omni</span> <span class='ocrx_word' id='word_1_154' title='bbox 482 3153 612 3216; x_wconf 83' lang='lat' dir='ltr'>tributo</span> <span class='ocrx_word' id='word_1_155' title='bbox 640 3152 733 3233; x_wconf 93' lang='lat' dir='ltr'>quod</span> <span class='ocrx_word' id='word_1_156' title='bbox 766 3153 905 3235; x_wconf 84' lang='lat' dir='ltr'>regibus</span> <span class='ocrx_word' id='word_1_157' title='bbox 942 3151 1023 3215; x_wconf 92' lang='lat' dir='ltr'>inde</span> <span class='ocrx_word' id='word_1_158' title='bbox 1057 3150 1217 3226; x_wconf 89' lang='lat' dir='ltr'>dabatur,</span> <span class='ocrx_word' id='word_1_159' title='bbox 1253 3149 1289 3225; x_wconf 83' lang='lat' dir='ltr'>iu</span> 
     </span>
     <span class='ocr_line' id='line_1_27' title="bbox 242 3251 1292 3335; baseline -0.001 -21"><span class='ocrx_word' id='word_1_160' title='bbox 242 3258 462 3334; x_wconf 86' lang='lat' dir='ltr'>potestatem,</span> <span class='ocrx_word' id='word_1_161' title='bbox 488 3272 565 3316; x_wconf 91' lang='lat' dir='ltr'>curn</span> <span class='ocrx_word' id='word_1_162' title='bbox 588 3252 731 3317; x_wconf 91' lang='lat' dir='ltr'>consilio</span> <span class='ocrx_word' id='word_1_163' title='bbox 751 3258 787 3316; x_wconf 89' lang='lat' dir='ltr'>et</span> <span class='ocrx_word' id='word_1_164' title='bbox 811 3271 981 3316; x_wconf 91' lang='lat' dir='ltr'>consensu</span> <span class='ocrx_word' id='word_1_165' title='bbox 1004 3251 1196 3335; x_wconf 90' lang='lat' dir='ltr'>principum</span> <span class='ocrx_word' id='word_1_166' title='bbox 1221 3268 1292 3313; x_wconf 90' lang='lat' dir='ltr'>me-</span> 
     </span>
     <span class='ocr_line' id='line_1_28' title="bbox 242 3349 1292 3436; baseline -0.001 -21"><span class='ocrx_word' id='word_1_167' title='bbox 242 3371 351 3436; x_wconf 82' lang='lat' dir='ltr'>orum,</span> <span class='ocrx_word' id='word_1_168' title='bbox 368 3351 514 3416; x_wconf 88' lang='lat' dir='ltr'>libenter</span> <span class='ocrx_word' id='word_1_169' title='bbox 536 3353 574 3416; x_wconf 90' lang='lat' dir='ltr'>in</span> <span class='ocrx_word' id='word_1_170' title='bbox 597 3359 801 3436; x_wconf 88' lang='lat' dir='ltr'>perpetuum</span> <span class='ocrx_word' id='word_1_171' title='bbox 824 3352 999 3436; x_wconf 89' lang='lat' dir='ltr'>perdono;</span> <span class='ocrx_word' id='word_1_172' title='bbox 1033 3358 1072 3415; x_wconf 88' lang='lat' dir='ltr'>ut</span> <span class='ocrx_word' id='word_1_173' title='bbox 1094 3349 1292 3433; x_wconf 90' lang='lat' dir='ltr'>possidendi</span> 
     </span>
     <span class='ocr_line' id='line_1_29' title="bbox 241 3449 1292 3531; baseline -0.005 -15"><span class='ocrx_word' id='word_1_174' title='bbox 241 3452 297 3516; x_wconf 88' lang='lat' dir='ltr'>uel</span> <span class='ocrx_word' id='word_1_175' title='bbox 322 3450 472 3516; x_wconf 87' lang='lat' dir='ltr'>habendi</span> <span class='ocrx_word' id='word_1_176' title='bbox 501 3452 576 3516; x_wconf 89' lang='lat' dir='ltr'>siue</span> <span class='ocrx_word' id='word_1_177' title='bbox 606 3452 789 3531; x_wconf 87' lang='lat' dir='ltr'>uendendi,</span> <span class='ocrx_word' id='word_1_178' title='bbox 820 3452 1005 3518; x_wconf 87' lang='lat' dir='ltr'>ueletiam</span> <span class='ocrx_word' id='word_1_179' title='bbox 1036 3449 1194 3515; x_wconf 86' lang='lat' dir='ltr'>tradendi</span> <span class='ocrx_word' id='word_1_180' title='bbox 1219 3451 1292 3512; x_wconf 86' lang='lat' dir='ltr'>cui-</span> 
     </span>
     <span class='ocr_line' id='line_1_30' title="bbox 242 3549 1292 3635; baseline -0.007 -17"><span class='ocrx_word' id='word_1_181' title='bbox 242 3571 377 3635; x_wconf 88' lang='lat' dir='ltr'>cunque</span> <span class='ocrx_word' id='word_1_182' title='bbox 400 3552 560 3630; x_wconf 89' lang='lat' dir='ltr'>uoluerit,</span> <span class='ocrx_word' id='word_1_183' title='bbox 589 3552 732 3616; x_wconf 90' lang='lat' dir='ltr'>liberam</span> <span class='ocrx_word' id='word_1_184' title='bbox 763 3572 826 3635; x_wconf 88' lang='lat' dir='ltr'>per</span> <span class='ocrx_word' id='word_1_185' title='bbox 859 3551 976 3616; x_wconf 90' lang='lat' dir='ltr'>omnia</span> <span class='ocrx_word' id='word_1_186' title='bbox 1012 3549 1139 3614; x_wconf 88' lang='lat' dir='ltr'>habeat</span> <span class='ocrx_word' id='word_1_187' title='bbox 1174 3555 1292 3632; x_wconf 86' lang='lat' dir='ltr'>potes·</span> 
     </span>
     <span class='ocr_line' id='line_1_31' title="bbox 242 3648 1292 3736; baseline -0.005 -19"><span class='ocrx_word' id='word_1_188' title='bbox 242 3660 361 3717; x_wconf 88' lang='lat' dir='ltr'>tatem.</span> <span class='ocrx_word' id='word_1_189' title='bbox 413 3651 504 3717; x_wconf 88' lang='lat' dir='ltr'>Sane</span> <span class='ocrx_word' id='word_1_190' title='bbox 526 3653 608 3736; x_wconf 87' lang='lat' dir='ltr'>quia</span> <span class='ocrx_word' id='word_1_191' title='bbox 636 3653 829 3717; x_wconf 90' lang='lat' dir='ltr'>cauendum</span> <span class='ocrx_word' id='word_1_192' title='bbox 849 3659 915 3728; x_wconf 87' lang='lat' dir='ltr'>est,</span> <span class='ocrx_word' id='word_1_193' title='bbox 939 3671 984 3715; x_wconf 89' lang='lat' dir='ltr'>ne</span> <span class='ocrx_word' id='word_1_194' title='bbox 1006 3649 1207 3714; x_wconf 90' lang='lat' dir='ltr'>hodiernam</span> <span class='ocrx_word' id='word_1_195' title='bbox 1228 3648 1292 3712; x_wconf 89' lang='lat' dir='ltr'>d0·.</span> 
     </span>
     <span class='ocr_line' id='line_1_32' title="bbox 242 3748 1292 3836; baseline -0.002 -22"><span class='ocrx_word' id='word_1_196' title='bbox 242 3754 417 3817; x_wconf 88' lang='lat' dir='ltr'>nationem</span> <span class='ocrx_word' id='word_1_197' title='bbox 443 3759 597 3817; x_wconf 88' lang='lat' dir='ltr'>nostram</span> <span class='ocrx_word' id='word_1_198' title='bbox 633 3753 740 3817; x_wconf 83' lang='lat' dir='ltr'>futuri</span> <span class='ocrx_word' id='word_1_199' title='bbox 767 3752 932 3836; x_wconf 88' lang='lat' dir='ltr'>temporis</span> <span class='ocrx_word' id='word_1_200' title='bbox 962 3750 1135 3833; x_wconf 83' lang='lat' dir='ltr'>abnegare</span> <span class='ocrx_word' id='word_1_201' title='bbox 1163 3748 1292 3826; x_wconf 85' lang='lat' dir='ltr'>ualeat,</span> 
     </span>
     <span class='ocr_line' id='line_1_33' title="bbox 243 3848 1290 3936; baseline -0.004 -20"><span class='ocrx_word' id='word_1_202' title='bbox 243 3860 278 3917; x_wconf 90' lang='lat' dir='ltr'>et</span> <span class='ocrx_word' id='word_1_203' title='bbox 304 3853 341 3917; x_wconf 92' lang='lat' dir='ltr'>iu</span> <span class='ocrx_word' id='word_1_204' title='bbox 365 3853 563 3936; x_wconf 85' lang='lat' dir='ltr'>ambiguum</span> <span class='ocrx_word' id='word_1_205' title='bbox 592 3854 761 3917; x_wconf 88' lang='lat' dir='ltr'>deuocare</span> <span class='ocrx_word' id='word_1_206' title='bbox 780 3852 1027 3936; x_wconf 88' lang='lat' dir='ltr'>praesumptio,</span> <span class='ocrx_word' id='word_1_207' title='bbox 1051 3850 1182 3933; x_wconf 86' lang='lat' dir='ltr'>placuit</span> <span class='ocrx_word' id='word_1_208' title='bbox 1207 3848 1290 3912; x_wconf 90' lang='lat' dir='ltr'>mihi</span> 
     </span>
     <span class='ocr_line' id='line_1_34' title="bbox 242 3952 1291 4036; baseline -0.003 -21"><span class='ocrx_word' id='word_1_209' title='bbox 242 3953 331 4018; x_wconf 89' lang='lat' dir='ltr'>hanc</span> <span class='ocrx_word' id='word_1_210' title='bbox 346 3953 509 4036; x_wconf 80' lang='lat' dir='ltr'>paginam</span> <span class='ocrx_word' id='word_1_211' title='bbox 525 3952 682 4032; x_wconf 88' lang='lat' dir='ltr'>condere,</span> <span class='ocrx_word' id='word_1_212' title='bbox 698 3962 734 4018; x_wconf 89' lang='lat' dir='ltr'>et</span> <span class='ocrx_word' id='word_1_213' title='bbox 749 3973 819 4017; x_wconf 89' lang='lat' dir='ltr'>una</span> <span class='ocrx_word' id='word_1_214' title='bbox 832 3972 911 4016; x_wconf 91' lang='lat' dir='ltr'>cum</span> <span class='ocrx_word' id='word_1_215' title='bbox 923 3952 1053 4034; x_wconf 87' lang='lat' dir='ltr'>cespite</span> <span class='ocrx_word' id='word_1_216' title='bbox 1064 3958 1178 4014; x_wconf 88' lang='lat' dir='ltr'>terrae</span> <span class='ocrx_word' id='word_1_217' title='bbox 1190 3967 1291 4032; x_wconf 88' lang='lat' dir='ltr'>prae-</span> 
     </span>
     <span class='ocr_line' id='line_1_35' title="bbox 241 4049 1291 4142; baseline -0.006 -25"><span class='ocrx_word' id='word_1_218' title='bbox 241 4054 354 4118; x_wconf 89' lang='lat' dir='ltr'>dictae</span> <span class='ocrx_word' id='word_1_219' title='bbox 368 4054 504 4117; x_wconf 88' lang='lat' dir='ltr'>tradere</span> <span class='ocrx_word' id='word_1_220' title='bbox 519 4054 600 4131; x_wconf 82' lang='lat' dir='ltr'>tibi3</span> <span class='ocrx_word' id='word_1_221' title='bbox 623 4073 804 4136; x_wconf 90' lang='lat' dir='ltr'>perquam</span> <span class='ocrx_word' id='word_1_222' title='bbox 820 4072 889 4117; x_wconf 91' lang='lat' dir='ltr'>non</span> <span class='ocrx_word' id='word_1_223' title='bbox 905 4050 1022 4142; x_wconf 28' lang='lat' dir='ltr'>solum·</span> <span class='ocrx_word' id='word_1_224' title='bbox 1035 4051 1191 4114; x_wconf 90' lang='lat' dir='ltr'>omnibus</span> <span class='ocrx_word' id='word_1_225' title='bbox 1206 4049 1291 4112; x_wconf 89' lang='lat' dir='ltr'>meis</span> 
     </span>
     <span class='ocr_line' id='line_1_36' title="bbox 242 4148 1291 4252; baseline -0.004 -35"><span class='ocrx_word' id='word_1_226' title='bbox 242 4156 498 4219; x_wconf 88' lang='lat' dir='ltr'>successoribus</span> <span class='ocrx_word' id='word_1_227' title='bbox 522 4173 641 4236; x_wconf 84' lang='lat' dir='ltr'>regum</span> <span class='ocrx_word' id='word_1_228' title='bbox 667 4154 741 4218; x_wconf 90' lang='lat' dir='ltr'>siue</span> <span class='ocrx_word' id='word_1_229' title='bbox 769 4153 974 4252; x_wconf 79' lang='lat' dir='ltr'>principum,</span> <span class='ocrx_word' id='word_1_230' title='bbox 996 4151 1182 4216; x_wconf 88' lang='lat' dir='ltr'>sedetiam</span> <span class='ocrx_word' id='word_1_231' title='bbox 1208 4148 1291 4214; x_wconf 90' lang='lat' dir='ltr'>mihi</span> 
     </span>
    </p>
   </div>
   <div class='ocr_carea' id='block_1_7' title="bbox 0 0 1598 5032">
    <p class='ocr_par' dir='ltr' id='par_1_9' title="bbox 0 0 1598 5032">
     <span class='ocr_line' id='line_1_37' title="bbox 0 0 1598 5032; baseline 0 0"><span class='ocrx_word' id='word_1_232' title='bbox 0 0 1598 5032; x_wconf 95' lang='lat' dir='ltr'> </span> 
     </span>
    </p>
   </div>
  </div>
 </body>
</html>
