3134 5030
417 451 590 500 cnnnrnn
613 450 953 501 nnonosnxomenn.
1144 439 1213 505 305

156 614 321 686 mentum,
336 610 451 674 uelum
474 627 587 672 meum
602 627 827 691 aureumque
850 608 1013 675 inciditur
1034 612 1208 678 excidium

156 706 281 772 Troiae
301 709 338 776 in
356 729 432 773 meo
457 709 693 774 anniuersario
714 711 744 772 si
763 710 932 792 placuerit
955 711 992 774 in
1014 713 1204 794 parietibus

156 807 446 890 suspendendum.
498 807 614 873 Offero
645 809 750 872 etiam
774 808 994 875 refectorario
1018 811 1101 876 dicti
1130 833 1203 878 mo·

157 907 300 970 casterii
322 909 366 972 ad
391 927 490 973 usum
515 907 742 990 praesidentis
764 910 918 990 quotidie
948 911 984 973 in
1012 911 1204 991 refectorio,

155 1007 323 1088 scyphum
336 1027 449 1071 meum
463 1008 677 1085 deauratum,
694 1016 729 1072 et
745 1028 807 1090 per
822 1017 931 1074 totam
951 1017 1083 1092 partem
1106 1019 1203 1077 exte-

154 1105 291 1184 riorem,
312 1106 466 1173 barbaris
490 1107 679 1171 uictoribus
702 1108 746 1176 ad
769 1109 935 1173 dracones
969 1113 1204 1192 pugnantibus

154 1205 337 1283 caelatum,
352 1226 454 1288 quem
468 1206 677 1271 crueibolum
700 1227 813 1272 mcum
835 1209 957 1274 solitus
972 1228 1048 1272 sum
1062 1230 1201 1290 uocare,

154 1304 237 1386 quin
260 1305 397 1388 signum
412 1307 523 1369 crucis
539 1325 601 1388 per
614 1313 849 1371 transuersam
862 1307 983 1390 scyphi
998 1308 1204 1391 imprimitur

153 1404 309 1481 interius,
323 1425 400 1468 cnm
415 1413 564 1487 quatuor
577 1406 714 1486 angulis
728 1406 831 1468 simili
845 1407 1068 1490 impressione
1082 1418 1202 1492 protu-

153 1504 374 1584 berantibus;
398 1513 433 1569 et
455 1524 562 1568 cornu
582 1523 679 1568 meae
702 1524 853 1582 mensae,
878 1515 918 1571 ut
941 1526 1041 1572 senes
1064 1529 1201 1574 monas·
1258 1509 1262 1516 ’

154 1602 234 1666 terii
247 1604 368 1668 bibant
382 1603 462 1667 inde
472 1605 509 1666 in
522 1603 620 1668 festis
633 1611 845 1682 sanctorum,
857 1613 892 1669 et
904 1606 941 1669 in
956 1607 1028 1670 suis
1043 1608 1200 1673 benedic-⁸

152 1702 306 1787 tionibus
325 1703 542 1768 meminerint
555 1703 740 1787 aliquando
763 1705 898 1770 animae
915 1705 1074 1770 Uuitlafii
1095 1707 1203 1773 dona*

156 1802 255 1866 toris.

207 1900 382 1966 Confirmo
420 1901 524 1968 etiam
553 1903 645 1967 dicto
684 1904 895 1968 monasterio
934 1924 1052 1970 omnes
1092 1915 1203 1973 terras

155 2007 192 2065 et
227 2008 435 2086 tenementa,
469 2003 716 2085 possessiones,
753 2010 788 2067 et
823 2022 942 2066 earum
984 2007 1130 2088 peculia,
1167 2017 1203 2072 et

156 2101 272 2166 omnia
299 2100 369 2165 alia
396 2100 552 2178 donaria,
579 2121 668 2184 quae
704 2103 983 2184 praedecessores
1008 2107 1075 2170 mei
1102 2127 1200 2188 reges

156 2199 377 2277 Marciorum,
400 2202 571 2265 eteorum
592 2220 762 2283 proceres,
784 2203 841 2265 uel
860 2202 920 2266 alii
946 2203 1062 2268 fideles
1084 2205 1202 2270 Chris-

9 2357 31 2376 „
157 2299 254 2377 tiani,
282 2300 355 2363 siue
385 2299 519 2377 ludaei,
546 2300 647 2364 dictis
672 2301 849 2365 monachis
871 2301 1051 2380 dederunt,
1082 2305 1202 2369 uendi·

20 2469 34 2513 t*
156 2398 292 2475 derunt,
329 2399 387 2462 uel
429 2399 705 2477 inuadiauerunt,
743 2407 805 2464 aut
841 2400 957 2482 aliquo
995 2403 1063 2467 alio
1101 2403 1202 2469 modo

155 2496 192 2566 in
224 2505 424 2580 perpetuam
451 2499 704 2580 possessionem
735 2499 968 2580 tradiderunt3
1003 2510 1038 2566 et
1070 2504 1202 2584 specia-

36 2580 41 2674 Ἰ
157 2596 236 2660 liter
251 2598 377 2662 donum
393 2596 559 2663 Thoroldi
574 2598 745 2681 quondam
767 2599 978 2664 uicecomitis
1001 2601 1202 2670 Lincolniae

9 2680 42 2760 'f
156 2694 192 2760 in
217 2696 430 2774 Bokenhale,
458 2698 618 2762 uidelicet
640 2699 726 2762 duas
753 2705 933 2762 carucatas
956 2706 1069 2765 terrae
1094 2709 1130 2765 et
1151 2696 1203 2766 diss

157 2796 307 2874 midiam,
334 2804 369 2861 et
397 2797 524 2878 uiginti
554 2817 617 2863 sex
641 2816 739 2864 acras
764 2798 867 2881 prati,
895 2805 930 2862 et
952 2797 1204 2882 quinquaginta

32 2886 38 2917 ⁴·'
157 2913 256 2960 acras
282 2897 413 2982 syluae,
431 2898 483 2978 [et
497 2914 587 2961 cxx.
603 2891 734 2976 acras]¹
758 2897 801 2960 de
816 2897 981 2962 Bruscbe.
1035 2899 1125 2963 Item
1140 2901 1201 2966 do·

158 3015 240 3058 num
250 2995 399 3080 Geolpbi
410 2995 471 3060 filii
480 2995 612 3060 Maltae
626 2997 663 3060 in
678 2995 884 3079 Halington,
898 2999 964 3061 niz.
978 3005 1128 3081 quatuor
1140 3002 1203 3065 bo÷

46 3155 51 3167 ,,
156 3101 258 3160 natas
273 3104 385 3161 terrae
407 3094 450 3167 de
471 3095 677 3174 incland,et
692 3096 808 3162 decem
822 3098 970 3162 bouatas
991 3099 1028 3161 in
1049 3099 1204 3178 seruitio,

34 3174 52 3282 ¹³
157 3201 194 3258 et
217 3194 351 3278 triginti
377 3201 526 3279 quatuor
551 3215 649 3260 acras
675 3196 766 3278 prati
789 3197 826 3260 in
852 3195 1062 3280 Gerntborp.
1106 3199 1202 3264 Item

47 3293 55 3374 J
156 3293 285 3363 donum
306 3294 457 3376 Fregisti
477 3295 596 3359 militis
622 3297 688 3359 uiz.
705 3303 816 3360 totam
838 3295 956 3360 uillam
976 3297 1019 3361 de
1034 3297 1204 3380 Langtoft

32 3393 54 3404 ”
156 3400 193 3460 et
206 3394 244 3457 in
257 3395 388 3477 campis
403 3393 554 3462 eiusdem
573 3394 677 3460 uillae
699 3413 762 3460 sex
784 3403 964 3459 carucatas
988 3403 1101 3460 terrae
1125 3417 1202 3462 ara-

158 3492 248 3572 bilis,
263 3493 430 3559 babentes
451 3495 488 3558 in
507 3494 723 3576 longitudine
746 3494 940 3576 quindecim
961 3503 1203 3577 quarantenae,

155 3600 193 3658 et
206 3613 331 3660 nouem
353 3601 582 3676 quarantenae
607 3595 645 3657 in
665 3593 861 3671 latitudine,
886 3602 922 3659 et
947 3601 1083 3658 centum
1104 3614 1203 3661 acras

156 3693 260 3774 prati,
285 3701 322 3758 et
349 3693 484 3777 syluam
514 3701 550 3758 et
579 3693 762 3758 mariscum
791 3693 935 3758 duarum
962 3694 1137 3759 leucarum
1167 3697 1203 3762 in

42 3780 56 3884 Ἰ
154 3791 384 3874 longitudine,
415 3801 450 3857 et
471 3792 616 3856 duarum
642 3793 818 3862 leucarum
847 3795 884 3859 in
910 3793 1104 3860 latitudine.
1158 3795 1204 3861 Et

37 3887 63 3898 ”
154 3892 356 3956 aecclesiam
371 3892 522 3956 eiusdem
536 3892 702 3969 uillae,et
719 3911 780 3958 xn.
796 3911 895 3957 acras
911 3893 954 3956 de
969 3893 1203 3960 eodemfeodo

34 4042 39 4070 ,
153 3990 192 4055 in
221 4010 344 4074 campo
367 3991 410 4055 de
437 3992 597 4075 Depyng.
651 3991 741 4056 Item
774 3992 901 4057 donum
931 3991 1055 4074 Algari
1084 3992 1203 4058 militis

54 4081 57 4092 ’
152 4090 233 4174 [filii
259 4085 506 4172 Nortblang,]¹
533 4091 663 4155 scilicet
678 4090 878 4174 Northlang
902 4093 939 4156 in
962 4092 1107 4170 Baeton,
1134 4094 1200 4160 niz.

1032 4330 1056 4372 X
