3134 5030
442 421 616 471 cnnnrnn
637 423 979 482 Anonosnxonrcrn.
1173 415 1238 480 257

182 583 238 640 tac
271 579 383 647 crucis
420 581 600 647 scribendo
630 587 868 652 conroboraui.
927 589 966 670 44
981 585 1058 671 Ego
1088 588 1233 655 Uulsred

182 677 460 764 archiepiscopus
504 684 673 748 consensi.
740 687 779 768 44
809 688 884 770 Ego
913 685 1079 772 Aellbryb
1115 689 1234 773 regina

181 778 351 844 consensi.
408 782 447 863 44
466 781 541 864 Ego
557 783 702 848 Ealdulf
712 787 894 870 episcopus
915 790 1075 854 consensi
1096 798 1132 855 et
1151 793 1233 855 snb-

180 877 313 961 scripsi.
370 881 411 962 44
427 881 504 964 Ego
521 881 760 950 Uuerenberht
773 887 954 972 episcopus
967 891 1137 956 consensi.
1187 892 1228 973 44

182 977 258 1059 Ego
287 979 489 1050 Deneberht
518 985 700 1069 episcopus
734 989 905 1052 consensi.
963 990 1002 1071 44
1023 990 1099 1072 Ego
1131 989 1233 1055 Uuls-

180 1075 285 1142 heard
311 1081 493 1164 episcopus
521 1085 690 1149 consensi.
747 1087 786 1168 44
801 1087 878 1170 Ego
905 1086 1129 1156 Heardberht
1155 1089 1229 1156 dux

180 1180 349 1244 consensi.
412 1183 451 1264 44
473 1183 548 1265 Ego
579 1185 761 1249 Bcornnob
790 1187 873 1253 dux.
942 1189 981 1270 44
997 1190 1073 1272 Ego
1102 1191 1232 1274 Dynna

179 1277 263 1342 dux.
320 1281 359 1362 44
377 1279 454 1364 Ego
480 1281 665 1352 Ceolberht
693 1285 781 1351 dux.
837 1290 876 1371 44
893 1289 969 1370 Ego
998 1289 1115 1356 Mucel
1144 1290 1229 1362 dux·

185 1378 225 1461 44
243 1379 320 1462 Ego
335 1379 513 1451 Ccolwull.

626 1678 758 1748 corv.

524 1798 807 1908 conn'nunn,
829 1827 906 1896 sn.

234 1981 273 2062 44
289 1978 335 2043 In
360 1978 497 2046 nomine
521 1983 572 2046 sei
596 1982 781 2048 saluatoris
807 1981 843 2046 di
857 1991 893 2048 et
913 1982 972 2047 diii
996 1985 1046 2047 nii
1066 1981 1127 2050 ihu
1153 1986 1223 2076 xl’i·

179 2079 363 2162 Regnantc
378 2100 418 2144 ac
431 2083 645 2164 gubernante
659 2082 779 2148 eodem
793 2083 861 2148 diro
876 2082 935 2147 ihu
950 2131 957 2145 .
979 2084 1156 2168 Simulque
1164 2087 1228 2175 spu

177 2181 237 2244 siio
252 2182 486 2264 gubernacula
498 2182 535 2245 in
547 2184 624 2248 imis
639 2190 674 2247 et
689 2181 726 2245 in
741 2183 858 2248 arduis
872 2183 1085 2267 disponendo
1100 2187 1226 2270 ubique

176 2281 266 2363 regit
283 2329 290 2344 .
307 2281 389 2345 licet
403 2301 515 2348 sermo
536 2282 751 2366 Sapientiam
766 2284 982 2366 consiliumq:
1006 2285 1227 2368 prudentium

176 2381 309 2446 stabilis
330 2380 512 2468 pmancat.
528 2389 644 2447 tamen
663 2385 707 2446 ob
722 2383 965 2448 incertitudine
986 2385 1227 2467 temporalium

176 2501 289 2545 rerum
309 2481 435 2545 diuinis
457 2482 655 2547 numinibus
676 2483 862 2548 muniendo
879 2481 1111 2570 .pscrutando
1132 2487 1227 2574 pig-

175 2581 267 2646 notis
292 2588 328 2645 ct
352 2582 492 2648 incertis
515 2584 650 2648 euentis
672 2582 879 2648 stabilienda
900 2585 1162 2668 roborandaque
1190 2590 1226 2651 in

175 2679 221 2747 do
254 2683 336 2746 uiuo
369 2689 405 2746 et
437 2703 521 2748 uero
556 2690 649 2748 sunt.
717 2677 900 2767 Quapropi
925 2703 991 2766 ego
1022 2686 1225 2751 coenuulsus

175 2781 289 2863 gratia
309 2779 345 2845 di
371 2801 434 2846 rex
463 2783 632 2850 marcioni
658 2829 666 2846 .
691 2784 767 2848 uiro
790 2784 988 2849 uenerando
1013 2784 1164 2868 mihique
1188 2788 1226 2851 in

175 2879 234 2969 xpi
260 2882 405 2947 caritate
430 2903 565 2948 summo
581 2883 789 2967 pontificalis
814 2885 911 2967 apice
926 2884 1088 2950 decorato
1106 2933 1114 2949 .
1132 2888 1224 2951 uulf·

175 2983 257 3048 redo
279 2982 411 3065 arbepi's
434 2983 524 3048 dabo
553 2992 590 3049 et
615 2983 766 3049 concedo
792 2984 944 3067 aliquam
970 2991 1101 3067 partem
1133 2994 1224 3054 terre

173 3083 258 3147 iuris
279 3081 347 3147 mei
372 3102 461 3166 quae
484 3083 569 3147 mihi
590 3083 737 3166 largitor
758 3085 912 3148 omnium
939 3085 1074 3149 honora
1095 3084 1136 3152 ds
1162 3060 1223 3154 doz

174 3202 257 3248 nare
270 3183 434 3266 dignatus
449 3190 503 3248 est
515 3211 542 3276 g>
556 3182 679 3248 intimo
695 3184 850 3248 cantatis
865 3185 990 3249 affectu
1005 3193 1044 3250 ut
1059 3184 1133 3273 upls
1149 3187 1199 3254 ait
1215 3237 1223 3254 .

173 3281 316 3348 hilarem
340 3283 432 3347 enim
453 3283 608 3347 datorem
633 3283 748 3366 diligit
769 3281 811 3347 ds
833 3333 840 3348 .
861 3292 897 3349 et
918 3285 984 3349 hoc
1008 3293 1062 3350 est
1085 3287 1121 3349 in
1147 3287 1224 3354 loco
1357 3301 1369 3317 ‘

173 3385 232 3466 qui
246 3383 371 3449 dicitur
380 3385 508 3468 byxlea
519 3431 527 3449 .
539 3398 577 3449 x.
591 3385 749 3448 aratrorii
759 3383 795 3448 in
807 3382 970 3471 ppetuam
984 3387 1222 3466 possessioni.

169 3491 209 3550 et
230 3483 304 3549 haec
332 3492 427 3549 terra
455 3483 564 3548 libera
588 3481 751 3572 §maneat
770 3532 776 3545 .
798 3483 874 3570 pter
895 3503 1033 3550 arcem.
1052 3491 1088 3548 et
1118 3503 1222 3568 expe-

171 3583 335 3650 ditionem
357 3584 508 3668 pontisq:
524 3585 790 3649 constructioni.
842 3581 944 3662 Quod
967 3585 998 3648 si
1016 3585 1128 3666 quisq:
1144 3585 1225 3652 huic

171 3683 347 3766 largitioni
371 3685 646 3750 contradixerit.
660 3683 876 3749 contradicat
901 3685 933 3748 ei
959 3682 1000 3748 ds
1019 3692 1056 3749 et
1077 3684 1223 3768 deneget

170 3783 364 3866 ingressum
387 3785 534 3850 caelestis
556 3786 652 3852 uitae.
704 3784 751 3848 Et
772 3784 826 3847 his
850 3783 1025 3848 liminibus
1044 3784 1120 3856 haec
1141 3806 1224 3869 pars

172 3884 305 3949 telluris
333 3885 568 3967 circumgirari
597 3883 746 3948 uidetur.
798 3884 918 3948 AErest
941 3904 989 3966 up
1008 3883 1049 3948 os
1063 3901 1222 3968 craegean

171 4004 217 4047 on
231 3985 328 4050 fula'n
351 3982 422 4050 ribo
441 4031 448 4050 .
467 3986 620 4066 andlang
643 3981 713 4047 ride
741 3981 783 4048 οὔ
807 3988 891 4070 bone
913 3984 1091 4050 saestendic
1116 3987 1222 4076 7lang

170 4084 263 4150 dices
286 4084 328 4151 ob
351 4090 428 4172 baet
450 4086 599 4169 gebyhte
620 4083 684 4148 ,οἰ
700 4087 776 4168 bam
799 4083 948 4168 gebyhte
970 4084 1077 4175 7lang
1105 4085 1221 4169 hagan

170 4183 212 4248 oli
225 4187 391 4270 cyninges
416 4185 517 4251 healh
535 4235 543 4250 .
560 4189 670 4276 panon
683 4182 790 4274 7lang
804 4183 920 4266 hagan
934 4191 973 4248 ut
987 4203 1035 4248 on·
1049 4201 1219 4268 craegean.

1050 4301 1068 4348 s
