3134 5030
322 439 391 506 318
577 461 749 510 canam
773 459 1114 510 rucnosnxourenn.

772 711 919 777 CCXL.

657 860 941 939 ECGBERHT,
964 861 1040 926 838.

381 1011 420 1092 ›1‹
442 1009 647 1075 Rncnrrrn
668 1011 705 1074 in
730 1015 935 1092 perpetuum
960 1010 1028 1074 diio
1056 1009 1101 1074 do
1130 1011 1190 1075 nio
1218 1013 1375 1078 sabaoth.

326 1107 585 1192 congregatum
600 1117 654 1174 est
674 1109 870 1174 uenerabile
892 1109 1111 1174 concilium
1100 1130 1137 1173 ιιι
1159 1111 1221 1173 illa
1244 1111 1377 1176 famosa
1432 1139 1445 1166 ι

324 1208 400 1273 loco
424 1227 492 1316 que
516 1209 711 1292 appellatur
732 1209 994 1294 cyningestun
984 1229 1021 1273 ιιι
1044 1211 1184 1292 regione
1207 1209 1375 1321 sudregie.

328 1276 530 1373 Presidente
558 1305 582 1370 ι
609 1309 689 1373 huic
728 1309 848 1372 eadem
878 1307 923 1371 do
954 1309 1079 1373 deuote
1107 1329 1196 1373 conv
1173 1280 1375 1394 rogatione

324 1407 506 1474 ceolnotho
529 1408 585 1472 aic
602 1409 694 1491 episc
711 1409 869 1489 ceterisq·
885 1408 1103 1491 perplurimis
1119 1409 1211 1491 episc
1226 1430 1290 1476 nec
1305 1432 1374 1476 non

325 1507 622 1574 excellentissimis
651 1509 758 1590 regib:
789 1507 858 1572 niis
886 1508 1071 1589 ecgberhto
1098 1515 1135 1572 et
1163 1509 1374 1575 aetheluulfo

324 1625 403 1672 cnm
430 1608 588 1674 omnibus
624 1608 738 1689 genus
772 1627 845 1672 snae
883 1607 1089 1689 optimatibt.
1142 1607 1306 1694 Omnesq:
1336 1612 1374 1675 in

323 1725 431 1772 unum
443 1726 596 1773 consona
609 1715 724 1773 mente
739 1727 780 1772 ac
796 1707 1028 1772 sincerissima
1049 1708 1162 1772 cordis
1184 1709 1375 1774 intentione

323 1805 493 1887 spiritaliii
507 1807 724 1892 saecular-idq:
740 1827 853 1872 rerum
872 1807 1134 1872 necessitatibus
1155 1808 1246 1873 inter
1267 1818 1376 1875 semet

321 1904 610 1987 ipsosoommune
628 1907 772 1970 consilio
793 1907 1052 1972 scrutantibus.
1069 1908 1240 1989 quomodo
1254 1927 1325 1992 pax
1339 1917 1375 1974 et

322 2003 547 2071 unianimitas
564 2006 750 2072 ecclesiarii
764 2004 801 2070 di
814 2007 956 2089 totiusq:
973 2007 1093 2089 ροριιιι
1113 2005 1233 2092 ιιριιιιιι
1254 2027 1372 2072 eorum

322 2104 482 2172 seculari·
502 2105 631 2170 dicioni
652 2125 714 2188 per
732 2105 768 2170 di
789 2107 1038 2188 omnipotentis
1058 2107 1207 2188 gratiam
1229 2109 1374 2173 subiecti

322 2203 507 2272 mnissimi
525 2203 719 2270 dilectionis
732 2206 871 2270 runculo
889 2206 1022 2270 seruari
1042 2206 1223 2287 potuisset.
1276 2206 1375 2272 Inter

322 2306 410 2370 ιιιιιιο
420 2303 587 2386 apresato
601 2305 855 2372 uenerabiliaic
867 2306 961 2388 episc
978 2305 1161 2370 ceolnotho
1176 2305 1373 2388 flagitatum

213 2408 215 2412 ’
323 2419 347 2474 ÷
366 2404 490 2485 quoda
502 2404 641 2486 regibus
655 2403 1100 2487 prenominatisecgberhto
1111 2412 1147 2471 et
1161 2405 1373 2472 aetheluulfo

319 2503 412 2570 illis
402 2525 439 2570 ιιι
453 2503 697 2586 sempiternam
711 2505 966 2620 eelemosynam
977 2504 1076 2570 illum
1089 2523 1210 2618 agrum
1224 2512 1271 2570 act
1284 2507 1372 2570 mal·

320 2602 456 2685 lingum
482 2603 532 2669 ad
550 2604 729 2671 ecclesiam
751 2603 813 2692 ιιρι
834 2621 902 2713 que
928 2605 997 2670 sita
1026 2603 1139 2669 estin
1166 2605 1372 2670 doronernia

320 2703 711 2770 ciuitatereddidissent.
723 2705 815 2787 quod
830 2672 912 2770 ante
924 2723 946 2768 a
957 2703 1120 2771 baldredo
1135 2723 1216 2786 rege
1230 2705 1274 2768 ad
1286 2725 1369 2770 ean·

321 2802 399 2866 dem
414 2803 593 2867 ecclesiam
610 2803 803 2886 perdonata
823 2812 887 2869 est.
903 2803 963 2868 sed
983 2822 1005 2867 a
1019 2803 1224 2886 quibusdam
1238 2804 1369 2872 dictum

320 2910 374 2966 est
396 2902 479 2985 quia
501 2923 579 2966 cum
601 2911 697 2967 recta
721 2903 880 2968 libertate
906 2903 999 2968 sacta
1022 2923 1094 2966 non
1116 2911 1217 2968 essct.
1236 2906 1319 2986 quia
1332 2907 1368 2969 in

319 3001 442 3084 fugato
457 3002 532 3065 cius
548 3003 743 3085 conscripta
754 3010 789 3067 et
802 3022 966 3068 concessa
976 3002 1108 3068 suisset.
1140 3003 1240 3068 Tunc
1255 3007 1293 3066 u⁰
1304 3024 1368 3087 pro

318 3101 441 3165 intima
460 3101 615 3166 caritatis
629 3101 754 3167 affectu
777 3102 934 3184 precibus
956 3103 1050 3184 episi:
1074 3102 1368 3169 annuentesnum

318 3200 462 3265 consilio
479 3219 519 3264 ac
532 3200 674 3265 licentia
695 3202 814 3265 omnifi
838 3202 1036 3284 sapientum
1055 3221 1173 3266 eorum
1194 3202 1367 3285 spiritaliii

318 3300 558 3381 secularinmq.
584 3301 753 3382 graduum
777 3301 837 3384 qui
860 3302 945 3365 inibi
966 3302 1168 3383 congregati
1191 3301 1365 3370 fussent.

317 3401 383 3466 hoc
408 3399 580 3513 prefatum
604 3419 727 3482 agrum
756 3407 804 3464 aet
833 3401 1035 3482 mallingnm
1064 3420 1127 3482 pro
1158 3403 1366 3484 sempiterna

315 3501 428 3565 salute
441 3467 633 3562 animarum
646 3518 786 3563 suarum
799 3519 840 3564 ac
854 3517 916 3583 spe
931 3500 1218 3566 remunerationis
1237 3509 1366 3567 aeterno

315 3600 359 3663 ad
380 3599 654 3711 prenominatam
676 3599 854 3664 ecclesiam
876 3597 937 3686 xpi
958 3600 995 3664 in
1013 3607 1215 3682 perpetuam
1232 3601 1365 3666 heredi-

313 3706 421 3763 tatem
434 3718 512 3762 cum
525 3717 619 3762 omm
609 3697 790 3763 libertate
811 3699 973 3766 beniuola
992 3705 1109 3764 mente
1127 3699 1362 3767 tradidissent.

314 3797 395 3862 Hac
409 3801 447 3860 u⁰
456 3797 656 3862 condicione
665 3799 869 3881 interposita
879 3798 964 3863 haec
973 3799 1212 3882 prenomnrra
1223 3800 1363 3866 donatio

313 3896 412 3960 firma
433 3903 642 3980 permaneat.
668 3899 761 3980 quod
783 3917 846 3962 nos
868 3899 935 3982 ipsi
958 3899 1043 3980 niiq:
1067 3897 1209 3964 heredes
1227 3919 1363 3983 semper

311 3997 348 4060 in
360 4003 538 4079 posterum
554 3997 687 4060 firmam
708 3997 988 4082 inconcussamqt.
1000 3996 1151 4062 amicitiai
1165 3998 1209 4062 ab
1224 3999 1286 4063 illo
1306 4001 1362 4064 aio

311 4096 405 4178 episc
429 4094 611 4161 ceolnotho
640 4095 790 4160 eiusdem
817 4097 1085 4187 congregatique
1118 4097 1274 4162 ecclesiae
1301 4096 1363 4186 xiii

309 4193 496 4260 habeamus
512 4202 548 4260 et
567 4197 611 4260 ab
630 4197 788 4261 omnibus
810 4197 1064 4263 successoribus
1088 4197 1161 4264 eins
1183 4197 1249 4262 hoc
1271 4199 1362 4262 idern
