<?xml version="1.0" encoding="UTF-8"?>
<!DOCTYPE html PUBLIC "-//W3C//DTD XHTML 1.0 Transitional//EN"
    "http://www.w3.org/TR/xhtml1/DTD/xhtml1-transitional.dtd">
<html xmlns="http://www.w3.org/1999/xhtml" xml:lang="en" lang="en">
 <head>
  <title>
</title>
<meta http-equiv="Content-Type" content="text/html;charset=utf-8" />
  <meta name='ocr-system' content='tesseract 3.04.00' />
  <meta name='ocr-capabilities' content='ocr_page ocr_carea ocr_par ocr_line ocrx_word'/>
</head>
<body>
  <div class='ocr_page' id='page_1' title='image "./codexdiplomatic04kembgoog_0323.png"; bbox 0 0 3112 5032; ppageno 0'>
   <div class='ocr_carea' id='block_1_1' title="bbox 322 413 1116 481">
    <p class='ocr_par' dir='ltr' id='par_1_1' title="bbox 322 413 1116 481">
     <span class='ocr_line' id='line_1_1' title="bbox 322 413 1116 481; baseline -0.009 0"><span class='ocrx_word' id='word_1_1' title='bbox 322 413 387 481; x_wconf 82' lang='lat'><strong>172</strong></span> <span class='ocrx_word' id='word_1_2' title='bbox 578 425 751 474; x_wconf 72' lang='lat' dir='ltr'><strong>curaris</strong></span> <span class='ocrx_word' id='word_1_3' title='bbox 773 423 1116 474; x_wconf 54' lang='lat' dir='ltr'><strong>lucriosixoruoin.</strong></span> 
     </span>
    </p>
   </div>
   <div class='ocr_carea' id='block_1_2' title="bbox 321 578 1377 3352">
    <p class='ocr_par' dir='ltr' id='par_1_2' title="bbox 321 578 1377 2854">
     <span class='ocr_line' id='line_1_2' title="bbox 322 578 1376 664; baseline 0.003 -19"><span class='ocrx_word' id='word_1_4' title='bbox 322 583 388 646; x_wconf 91' lang='lat' dir='ltr'><strong>hoc</strong></span> <span class='ocrx_word' id='word_1_5' title='bbox 404 588 457 645; x_wconf 89' lang='lat' dir='ltr'><strong>est</strong></span> <span class='ocrx_word' id='word_1_6' title='bbox 472 582 516 644; x_wconf 91' lang='lat' dir='ltr'><strong>ab</strong></span> <span class='ocrx_word' id='word_1_7' title='bbox 531 582 663 646; x_wconf 90' lang='lat' dir='ltr'><strong>oriente</strong></span> <span class='ocrx_word' id='word_1_8' title='bbox 675 581 882 664; x_wconf 84' lang='lat' dir='ltr'><strong>Uuyuheres</strong></span> <span class='ocrx_word' id='word_1_9' title='bbox 898 581 980 662; x_wconf 81' lang='lat' dir='ltr'><strong>stig,</strong></span> <span class='ocrx_word' id='word_1_10' title='bbox 992 600 1014 644; x_wconf 86' lang='lat' dir='ltr'><strong>a</strong></span> <span class='ocrx_word' id='word_1_11' title='bbox 1029 578 1170 644; x_wconf 85' lang='lat' dir='ltr'><strong>meridie</strong></span> <span class='ocrx_word' id='word_1_12' title='bbox 1187 579 1376 648; x_wconf 88' lang='lat' dir='ltr'><strong>Icancumb</strong></span> 
     </span>
     <span class='ocr_line' id='line_1_3' title="bbox 324 679 1376 764; baseline 0.001 -18"><span class='ocrx_word' id='word_1_13' title='bbox 324 690 359 746; x_wconf 87' lang='lat' dir='ltr'><strong>et</strong></span> <span class='ocrx_word' id='word_1_14' title='bbox 374 682 563 762; x_wconf 84' lang='lat' dir='ltr'><strong>Icangaet3</strong></span> <span class='ocrx_word' id='word_1_15' title='bbox 582 683 626 745; x_wconf 93' lang='lat' dir='ltr'><strong>ab</strong></span> <span class='ocrx_word' id='word_1_16' title='bbox 642 680 803 764; x_wconf 90' lang='lat' dir='ltr'><strong>aquilone</strong></span> <span class='ocrx_word' id='word_1_17' title='bbox 820 679 1118 760; x_wconf 87' lang='lat' dir='ltr'><strong>Uuibelesuuelle;</strong></span> <span class='ocrx_word' id='word_1_18' title='bbox 1144 682 1188 744; x_wconf 88' lang='lat' dir='ltr'><strong>ab</strong></span> <span class='ocrx_word' id='word_1_19' title='bbox 1199 682 1376 748; x_wconf 87' lang='lat' dir='ltr'><strong>occidente</strong></span> 
     </span>
     <span class='ocr_line' id='line_1_4' title="bbox 323 780 1376 865; baseline 0.001 -19"><span class='ocrx_word' id='word_1_20' title='bbox 323 781 525 847; x_wconf 85' lang='lat' dir='ltr'><strong>Saltuuelle.</strong></span> <span class='ocrx_word' id='word_1_21' title='bbox 560 781 607 844; x_wconf 85' lang='lat' dir='ltr'><strong>Et</strong></span> <span class='ocrx_word' id='word_1_22' title='bbox 620 781 685 846; x_wconf 91' lang='lat' dir='ltr'><strong>hoc</strong></span> <span class='ocrx_word' id='word_1_23' title='bbox 694 782 800 844; x_wconf 87' lang='lat' dir='ltr'><strong>etiam</strong></span> <span class='ocrx_word' id='word_1_24' title='bbox 811 801 873 865; x_wconf 90' lang='lat' dir='ltr'><strong>pro</strong></span> <span class='ocrx_word' id='word_1_25' title='bbox 884 781 1120 862; x_wconf 89' lang='lat' dir='ltr'><strong>redemptione</strong></span> <span class='ocrx_word' id='word_1_26' title='bbox 1132 780 1268 844; x_wconf 89' lang='lat' dir='ltr'><strong>animae</strong></span> <span class='ocrx_word' id='word_1_27' title='bbox 1279 801 1376 847; x_wconf 89' lang='lat' dir='ltr'><strong>meae</strong></span> 
     </span>
     <span class='ocr_line' id='line_1_5' title="bbox 325 880 1375 963; baseline 0.002 -19"><span class='ocrx_word' id='word_1_28' title='bbox 325 881 476 944; x_wconf 84' lang='lat' dir='ltr'>adiciens</span> <span class='ocrx_word' id='word_1_29' title='bbox 499 887 628 958; x_wconf 89' lang='lat' dir='ltr'><strong>statuo,</strong></span> <span class='ocrx_word' id='word_1_30' title='bbox 654 880 825 963; x_wconf 88' lang='lat' dir='ltr'><strong>episcopis</strong></span> <span class='ocrx_word' id='word_1_31' title='bbox 847 880 980 944; x_wconf 88' lang='lat' dir='ltr'><strong>scilicet</strong></span> <span class='ocrx_word' id='word_1_32' title='bbox 1001 887 1037 943; x_wconf 89' lang='lat' dir='ltr'><strong>et</strong></span> <span class='ocrx_word' id='word_1_33' title='bbox 1053 880 1266 962; x_wconf 88' lang='lat' dir='ltr'><strong>principibus</strong></span> <span class='ocrx_word' id='word_1_34' title='bbox 1290 883 1375 946; x_wconf 89' lang='lat' dir='ltr'><strong>meis</strong></span> 
     </span>
     <span class='ocr_line' id='line_1_6' title="bbox 323 979 1377 1063; baseline 0.004 -20"><span class='ocrx_word' id='word_1_35' title='bbox 323 999 394 1043; x_wconf 91' lang='lat' dir='ltr'><strong>una</strong></span> <span class='ocrx_word' id='word_1_36' title='bbox 419 998 551 1042; x_wconf 87' lang='lat' dir='ltr'><strong>mecum</strong></span> <span class='ocrx_word' id='word_1_37' title='bbox 572 979 878 1057; x_wconf 80' lang='lat' dir='ltr'><strong>consentientibus,</strong></span> <span class='ocrx_word' id='word_1_38' title='bbox 901 998 1046 1062; x_wconf 90' lang='lat' dir='ltr'><strong>quorum</strong></span> <span class='ocrx_word' id='word_1_39' title='bbox 1062 979 1202 1042; x_wconf 89' lang='lat' dir='ltr'><strong>nomina</strong></span> <span class='ocrx_word' id='word_1_40' title='bbox 1220 987 1256 1044; x_wconf 91' lang='lat' dir='ltr'><strong>et</strong></span> <span class='ocrx_word' id='word_1_41' title='bbox 1276 982 1377 1063; x_wconf 81' lang='lat' dir='ltr'><strong>signa</strong></span> 
     </span>
     <span class='ocr_line' id='line_1_7' title="bbox 323 1078 1376 1163; baseline 0.002 -20"><span class='ocrx_word' id='word_1_42' title='bbox 323 1079 379 1144; x_wconf 91' lang='lat' dir='ltr'><strong>hic</strong></span> <span class='ocrx_word' id='word_1_43' title='bbox 400 1079 492 1142; x_wconf 81' lang='lat' dir='ltr'><strong>infra</strong></span> <span class='ocrx_word' id='word_1_44' title='bbox 515 1081 712 1161; x_wconf 89' lang='lat' dir='ltr'><strong>perscribo;</strong></span> <span class='ocrx_word' id='word_1_45' title='bbox 735 1081 899 1162; x_wconf 87' lang='lat' dir='ltr'><strong>quatinus</strong></span> <span class='ocrx_word' id='word_1_46' title='bbox 920 1087 960 1144; x_wconf 90' lang='lat' dir='ltr'><strong>ut</strong></span> <span class='ocrx_word' id='word_1_47' title='bbox 974 1078 1048 1142; x_wconf 84' lang='lat' dir='ltr'><strong>dixi</strong></span> <span class='ocrx_word' id='word_1_48' title='bbox 1062 1098 1125 1161; x_wconf 89' lang='lat' dir='ltr'><strong>pro</strong></span> <span class='ocrx_word' id='word_1_49' title='bbox 1141 1078 1376 1163; x_wconf 83' lang='lat' dir='ltr'><strong>redemptione</strong></span> 
     </span>
     <span class='ocr_line' id='line_1_8' title="bbox 323 1179 1374 1263; baseline 0.002 -21"><span class='ocrx_word' id='word_1_50' title='bbox 323 1180 458 1243; x_wconf 90' lang='lat' dir='ltr'><strong>animae</strong></span> <span class='ocrx_word' id='word_1_51' title='bbox 472 1198 568 1242; x_wconf 89' lang='lat' dir='ltr'><strong>meae</strong></span> <span class='ocrx_word' id='word_1_52' title='bbox 588 1180 633 1242; x_wconf 93' lang='lat' dir='ltr'><strong>ab</strong></span> <span class='ocrx_word' id='word_1_53' title='bbox 656 1180 750 1243; x_wconf 91' lang='lat' dir='ltr'><strong>omni</strong></span> <span class='ocrx_word' id='word_1_54' title='bbox 764 1180 894 1243; x_wconf 89' lang='lat' dir='ltr'><strong>tributo</strong></span> <span class='ocrx_word' id='word_1_55' title='bbox 917 1198 1027 1261; x_wconf 88' lang='lat' dir='ltr'><strong>paruo</strong></span> <span class='ocrx_word' id='word_1_56' title='bbox 1042 1179 1098 1241; x_wconf 93' lang='lat' dir='ltr'><strong>uel</strong></span> <span class='ocrx_word' id='word_1_57' title='bbox 1113 1179 1243 1243; x_wconf 86' lang='lat' dir='ltr'><strong>maiore</strong></span> <span class='ocrx_word' id='word_1_58' title='bbox 1261 1181 1374 1263; x_wconf 83' lang='lat' dir='ltr'><strong>publi-</strong></span> 
     </span>
     <span class='ocr_line' id='line_1_9' title="bbox 325 1278 1376 1360; baseline 0.002 -17"><span class='ocrx_word' id='word_1_59' title='bbox 325 1278 451 1343; x_wconf 90' lang='lat' dir='ltr'><strong>calium</strong></span> <span class='ocrx_word' id='word_1_60' title='bbox 466 1297 580 1342; x_wconf 86' lang='lat' dir='ltr'><strong>rerum</strong></span> <span class='ocrx_word' id='word_1_61' title='bbox 594 1285 630 1342; x_wconf 89' lang='lat' dir='ltr'><strong>et</strong></span> <span class='ocrx_word' id='word_1_62' title='bbox 646 1280 689 1342; x_wconf 88' lang='lat' dir='ltr'><strong>ab</strong></span> <span class='ocrx_word' id='word_1_63' title='bbox 705 1278 1017 1360; x_wconf 78' lang='lat' dir='ltr'><strong>expeditionalibus</strong></span> <span class='ocrx_word' id='word_1_64' title='bbox 1026 1279 1141 1341; x_wconf 88' lang='lat' dir='ltr'><strong>causis</strong></span> <span class='ocrx_word' id='word_1_65' title='bbox 1156 1285 1191 1342; x_wconf 89' lang='lat' dir='ltr'><strong>et</strong></span> <span class='ocrx_word' id='word_1_66' title='bbox 1205 1298 1228 1342; x_wconf 92' lang='lat' dir='ltr'><strong>a</strong></span> <span class='ocrx_word' id='word_1_67' title='bbox 1243 1282 1376 1345; x_wconf 88' lang='lat' dir='ltr'><strong>cunctis</strong></span> 
     </span>
     <span class='ocr_line' id='line_1_10' title="bbox 324 1377 1375 1461; baseline 0.002 -19"><span class='ocrx_word' id='word_1_68' title='bbox 324 1379 484 1461; x_wconf 87' lang='lat' dir='ltr'><strong>operibus</strong></span> <span class='ocrx_word' id='word_1_69' title='bbox 500 1377 557 1440; x_wconf 92' lang='lat' dir='ltr'><strong>uel</strong></span> <span class='ocrx_word' id='word_1_70' title='bbox 570 1379 662 1458; x_wconf 76' lang='lat' dir='ltr'><strong>regis</strong></span> <span class='ocrx_word' id='word_1_71' title='bbox 677 1378 734 1441; x_wconf 89' lang='lat' dir='ltr'><strong>uel</strong></span> <span class='ocrx_word' id='word_1_72' title='bbox 749 1377 915 1460; x_wconf 88' lang='lat' dir='ltr'><strong>principis</strong></span> <span class='ocrx_word' id='word_1_73' title='bbox 926 1378 973 1441; x_wconf 90' lang='lat' dir='ltr'><strong>sit</strong></span> <span class='ocrx_word' id='word_1_74' title='bbox 987 1377 1024 1440; x_wconf 92' lang='lat' dir='ltr'><strong>in</strong></span> <span class='ocrx_word' id='word_1_75' title='bbox 1039 1383 1244 1458; x_wconf 89' lang='lat' dir='ltr'><strong>perpetuum</strong></span> <span class='ocrx_word' id='word_1_76' title='bbox 1255 1378 1375 1458; x_wconf 83' lang='lat' dir='ltr'><strong>libera,</strong></span> 
     </span>
     <span class='ocr_line' id='line_1_11' title="bbox 326 1475 1376 1560; baseline 0.003 -19"><span class='ocrx_word' id='word_1_77' title='bbox 326 1479 392 1560; x_wconf 89' lang='lat' dir='ltr'><strong>[ita</strong></span> <span class='ocrx_word' id='word_1_78' title='bbox 413 1485 453 1542; x_wconf 90' lang='lat' dir='ltr'><strong>ut</strong></span> <span class='ocrx_word' id='word_1_79' title='bbox 475 1497 538 1540; x_wconf 87' lang='lat' dir='ltr'><strong>nec</strong></span> <span class='ocrx_word' id='word_1_80' title='bbox 561 1483 703 1560; x_wconf 89' lang='lat' dir='ltr'><strong>pontem</strong></span> <span class='ocrx_word' id='word_1_81' title='bbox 726 1496 790 1540; x_wconf 92' lang='lat' dir='ltr'><strong>nec</strong></span> <span class='ocrx_word' id='word_1_82' title='bbox 812 1496 926 1541; x_wconf 90' lang='lat' dir='ltr'><strong>arcem</strong></span> <span class='ocrx_word' id='word_1_83' title='bbox 942 1476 1054 1540; x_wconf 87' lang='lat' dir='ltr'><strong>facere</strong></span> <span class='ocrx_word' id='word_1_84' title='bbox 1071 1475 1230 1554; x_wconf 89' lang='lat' dir='ltr'><strong>debeant,</strong></span> <span class='ocrx_word' id='word_1_85' title='bbox 1247 1498 1310 1542; x_wconf 92' lang='lat' dir='ltr'><strong>nec</strong></span> <span class='ocrx_word' id='word_1_86' title='bbox 1333 1480 1376 1544; x_wconf 88' lang='lat' dir='ltr'><strong>de</strong></span> 
     </span>
     <span class='ocr_line' id='line_1_12' title="bbox 325 1575 1376 1658; baseline 0.006 -20"><span class='ocrx_word' id='word_1_87' title='bbox 325 1577 426 1641; x_wconf 81' lang='lat' dir='ltr'><strong>furtis</strong></span> <span class='ocrx_word' id='word_1_88' title='bbox 452 1577 603 1658; x_wconf 87' lang='lat' dir='ltr'><strong>aliquam</strong></span> <span class='ocrx_word' id='word_1_89' title='bbox 630 1596 777 1658; x_wconf 90' lang='lat' dir='ltr'><strong>poenam</strong></span> <span class='ocrx_word' id='word_1_90' title='bbox 797 1576 943 1654; x_wconf 89' lang='lat' dir='ltr'><strong>soluere,</strong></span> <span class='ocrx_word' id='word_1_91' title='bbox 966 1595 1030 1639; x_wconf 89' lang='lat' dir='ltr'><strong>nec</strong></span> <span class='ocrx_word' id='word_1_92' title='bbox 1053 1575 1156 1639; x_wconf 89' lang='lat' dir='ltr'><strong>etiam</strong></span> <span class='ocrx_word' id='word_1_93' title='bbox 1179 1575 1273 1640; x_wconf 86' lang='lat' dir='ltr'><strong>fures</strong></span> <span class='ocrx_word' id='word_1_94' title='bbox 1296 1579 1376 1644; x_wconf 90' lang='lat' dir='ltr'><strong>illos</strong></span> 
     </span>
     <span class='ocr_line' id='line_1_13' title="bbox 326 1675 1376 1758; baseline 0.006 -20"><span class='ocrx_word' id='word_1_95' title='bbox 326 1695 413 1758; x_wconf 90' lang='lat' dir='ltr'><strong>quos</strong></span> <span class='ocrx_word' id='word_1_96' title='bbox 448 1675 620 1740; x_wconf 85' lang='lat' dir='ltr'><strong>Saxonice</strong></span> <span class='ocrx_word' id='word_1_97' title='bbox 643 1675 787 1739; x_wconf 88' lang='lat' dir='ltr'><strong>dicimus</strong></span> <span class='ocrx_word' id='word_1_98' title='bbox 811 1675 1122 1758; x_wconf 88' lang='lat' dir='ltr'><strong>uuergeldtheouas</strong></span> <span class='ocrx_word' id='word_1_99' title='bbox 1156 1676 1260 1740; x_wconf 85' lang='lat' dir='ltr'><strong>alicui</strong></span> <span class='ocrx_word' id='word_1_100' title='bbox 1282 1677 1376 1744; x_wconf 85' lang='lat' dir='ltr'><strong>foras</strong></span> 
     </span>
     <span class='ocr_line' id='line_1_14' title="bbox 324 1774 1376 1857; baseline 0.005 -19"><span class='ocrx_word' id='word_1_101' title='bbox 324 1775 489 1854; x_wconf 85' lang='lat' dir='ltr'><strong>reddant3</strong></span> <span class='ocrx_word' id='word_1_102' title='bbox 522 1774 582 1839; x_wconf 89' lang='lat' dir='ltr'><strong>sed</strong></span> <span class='ocrx_word' id='word_1_103' title='bbox 614 1775 644 1838; x_wconf 92' lang='lat' dir='ltr'><strong>si</strong></span> <span class='ocrx_word' id='word_1_104' title='bbox 671 1776 854 1857; x_wconf 90' lang='lat' dir='ltr'><strong>capiantur</strong></span> <span class='ocrx_word' id='word_1_105' title='bbox 875 1777 913 1839; x_wconf 91' lang='lat' dir='ltr'><strong>in</strong></span> <span class='ocrx_word' id='word_1_106' title='bbox 940 1776 1077 1839; x_wconf 74' lang='lat' dir='ltr'><strong>illorsum</strong></span> <span class='ocrx_word' id='word_1_107' title='bbox 1114 1774 1266 1840; x_wconf 88' lang='lat' dir='ltr'><strong>dominio</strong></span> <span class='ocrx_word' id='word_1_108' title='bbox 1293 1786 1376 1843; x_wconf 91' lang='lat' dir='ltr'><strong>sunt</strong></span> 
     </span>
     <span class='ocr_line' id='line_1_15' title="bbox 323 1872 1375 1950; baseline 0.006 -13"><span class='ocrx_word' id='word_1_109' title='bbox 323 1872 486 1949; x_wconf 64' lang='lat' dir='ltr'><strong>habendi,</strong></span> <span class='ocrx_word' id='word_1_110' title='bbox 529 1874 575 1950; x_wconf 84' lang='lat' dir='ltr'><strong>Et</strong></span> <span class='ocrx_word' id='word_1_111' title='bbox 588 1875 624 1937; x_wconf 93' lang='lat' dir='ltr'><strong>in</strong></span> <span class='ocrx_word' id='word_1_112' title='bbox 640 1875 798 1938; x_wconf 90' lang='lat' dir='ltr'><strong>omnibus</strong></span> <span class='ocrx_word' id='word_1_113' title='bbox 814 1875 904 1938; x_wconf 88' lang='lat' dir='ltr'><strong>sicut</strong></span> <span class='ocrx_word' id='word_1_114' title='bbox 917 1882 999 1939; x_wconf 90' lang='lat' dir='ltr'><strong>ante</strong></span> <span class='ocrx_word' id='word_1_115' title='bbox 1013 1874 1164 1938; x_wconf 83' lang='lat' dir='ltr'><strong>diximus</strong></span> <span class='ocrx_word' id='word_1_116' title='bbox 1181 1874 1266 1939; x_wconf 88' lang='lat' dir='ltr'><strong>haec</strong></span> <span class='ocrx_word' id='word_1_117' title='bbox 1281 1884 1375 1943; x_wconf 88' lang='lat' dir='ltr'><strong>terra</strong></span> 
     </span>
     <span class='ocr_line' id='line_1_16' title="bbox 321 1974 1372 2058; baseline 0.004 -20"><span class='ocrx_word' id='word_1_118' title='bbox 321 1974 430 2038; x_wconf 86' lang='lat' dir='ltr'><strong>libera</strong></span> <span class='ocrx_word' id='word_1_119' title='bbox 444 1975 672 2056; x_wconf 69' lang='lat' dir='ltr'><strong>permaneat]</strong></span> <span class='ocrx_word' id='word_1_120' title='bbox 688 1982 834 2057; x_wconf 89' lang='lat' dir='ltr'><strong>excepto</strong></span> <span class='ocrx_word' id='word_1_121' title='bbox 848 1981 984 2038; x_wconf 86' lang='lat' dir='ltr'><strong>tantum</strong></span> <span class='ocrx_word' id='word_1_122' title='bbox 1009 1981 1048 2038; x_wconf 90' lang='lat' dir='ltr'><strong>ut</strong></span> <span class='ocrx_word' id='word_1_123' title='bbox 1061 1974 1125 2038; x_wconf 91' lang='lat' dir='ltr'><strong>deo</strong></span> <span class='ocrx_word' id='word_1_124' title='bbox 1142 1975 1372 2058; x_wconf 89' lang='lat' dir='ltr'><strong>omnipotenti</strong></span> 
     </span>
     <span class='ocr_line' id='line_1_17' title="bbox 321 2061 1372 2156; baseline 0.003 -18"><span class='ocrx_word' id='word_1_125' title='bbox 321 2063 369 2154; x_wconf 87' lang='lat' dir='ltr'><strong>ihi</strong></span> <span class='ocrx_word' id='word_1_126' title='bbox 392 2081 427 2137; x_wconf 89' lang='lat' dir='ltr'><strong>et</strong></span> <span class='ocrx_word' id='word_1_127' title='bbox 449 2074 636 2153; x_wconf 83' lang='lat' dir='ltr'><strong>aecclesiae</strong></span> <span class='ocrx_word' id='word_1_128' title='bbox 650 2074 867 2156; x_wconf 85' lang='lat' dir='ltr'><strong>supradictae</strong></span> <span class='ocrx_word' id='word_1_129' title='bbox 891 2075 1075 2140; x_wconf 83' lang='lat' dir='ltr'><strong>seruiatur.</strong></span> <span class='ocrx_word' id='word_1_130' title='bbox 1126 2061 1231 2138; x_wconf 91' lang='lat' dir='ltr'><strong>Hanc</strong></span> <span class='ocrx_word' id='word_1_131' title='bbox 1256 2083 1372 2141; x_wconf 88' lang='lat' dir='ltr'><strong>autem</strong></span> 
     </span>
     <span class='ocr_line' id='line_1_18' title="bbox 322 2173 1375 2256; baseline 0.004 -19"><span class='ocrx_word' id='word_1_132' title='bbox 322 2173 572 2256; x_wconf 91' lang='lat' dir='ltr'><strong>praescriptam</strong></span> <span class='ocrx_word' id='word_1_133' title='bbox 595 2173 867 2238; x_wconf 88' lang='lat' dir='ltr'><strong>uicissitudinem</strong></span> <span class='ocrx_word' id='word_1_134' title='bbox 890 2181 1058 2237; x_wconf 88' lang='lat' dir='ltr'><strong>terrarum</strong></span> <span class='ocrx_word' id='word_1_135' title='bbox 1087 2179 1122 2238; x_wconf 91' lang='lat' dir='ltr'><strong>et</strong></span> <span class='ocrx_word' id='word_1_136' title='bbox 1147 2193 1244 2238; x_wconf 89' lang='lat' dir='ltr'><strong>meae</strong></span> <span class='ocrx_word' id='word_1_137' title='bbox 1266 2175 1375 2241; x_wconf 92' lang='lat' dir='ltr'><strong>dona·</strong></span> 
     </span>
     <span class='ocr_line' id='line_1_19' title="bbox 323 2272 1374 2356; baseline 0.003 -18"><span class='ocrx_word' id='word_1_138' title='bbox 323 2274 428 2338; x_wconf 89' lang='lat' dir='ltr'><strong>tionis</strong></span> <span class='ocrx_word' id='word_1_139' title='bbox 455 2293 519 2356; x_wconf 91' lang='lat' dir='ltr'><strong>pro</strong></span> <span class='ocrx_word' id='word_1_140' title='bbox 540 2272 679 2338; x_wconf 91' lang='lat' dir='ltr'><strong>domino</strong></span> <span class='ocrx_word' id='word_1_141' title='bbox 701 2274 908 2351; x_wconf 86' lang='lat' dir='ltr'><strong>libertatem,</strong></span> <span class='ocrx_word' id='word_1_142' title='bbox 929 2294 995 2356; x_wconf 89' lang='lat' dir='ltr'><strong>ego</strong></span> <span class='ocrx_word' id='word_1_143' title='bbox 1011 2272 1089 2338; x_wconf 88' lang='lat' dir='ltr'><strong>Offa</strong></span> <span class='ocrx_word' id='word_1_144' title='bbox 1106 2292 1169 2337; x_wconf 82' lang='lat' dir='ltr'><strong>rex</strong></span> <span class='ocrx_word' id='word_1_145' title='bbox 1191 2274 1314 2338; x_wconf 89' lang='lat' dir='ltr'><strong>sedens</strong></span> <span class='ocrx_word' id='word_1_146' title='bbox 1337 2278 1374 2341; x_wconf 92' lang='lat' dir='ltr'><strong>in</strong></span> 
     </span>
     <span class='ocr_line' id='line_1_20' title="bbox 322 2372 1375 2456; baseline 0.003 -19"><span class='ocrx_word' id='word_1_147' title='bbox 322 2374 432 2456; x_wconf 87' lang='lat' dir='ltr'><strong>regali</strong></span> <span class='ocrx_word' id='word_1_148' title='bbox 456 2373 587 2455; x_wconf 89' lang='lat' dir='ltr'><strong>palatio</strong></span> <span class='ocrx_word' id='word_1_149' title='bbox 611 2373 648 2437; x_wconf 91' lang='lat' dir='ltr'><strong>in</strong></span> <span class='ocrx_word' id='word_1_150' title='bbox 674 2373 969 2455; x_wconf 80' lang='lat' dir='ltr'><strong>Tamouuorthige</strong></span> <span class='ocrx_word' id='word_1_151' title='bbox 993 2372 1143 2436; x_wconf 89' lang='lat' dir='ltr'><strong>secundo</strong></span> <span class='ocrx_word' id='word_1_152' title='bbox 1166 2373 1221 2438; x_wconf 91' lang='lat' dir='ltr'><strong>die</strong></span> <span class='ocrx_word' id='word_1_153' title='bbox 1247 2376 1375 2440; x_wconf 91' lang='lat' dir='ltr'><strong>natiui-</strong></span> 
     </span>
     <span class='ocr_line' id='line_1_21' title="bbox 322 2472 1373 2555; baseline 0.003 -19"><span class='ocrx_word' id='word_1_154' title='bbox 322 2475 405 2537; x_wconf 88' lang='lat' dir='ltr'><strong>tatis</strong></span> <span class='ocrx_word' id='word_1_155' title='bbox 422 2474 562 2551; x_wconf 90' lang='lat' dir='ltr'><strong>domini,</strong></span> <span class='ocrx_word' id='word_1_156' title='bbox 577 2473 614 2536; x_wconf 92' lang='lat' dir='ltr'><strong>in</strong></span> <span class='ocrx_word' id='word_1_157' title='bbox 628 2473 683 2537; x_wconf 88' lang='lat' dir='ltr'><strong>die</strong></span> <span class='ocrx_word' id='word_1_158' title='bbox 699 2473 896 2537; x_wconf 88' lang='lat' dir='ltr'><strong>sestiuitatis</strong></span> <span class='ocrx_word' id='word_1_159' title='bbox 915 2474 1009 2536; x_wconf 91' lang='lat' dir='ltr'><strong>beati</strong></span> <span class='ocrx_word' id='word_1_160' title='bbox 1024 2472 1191 2555; x_wconf 91' lang='lat' dir='ltr'><strong>Stephani</strong></span> <span class='ocrx_word' id='word_1_161' title='bbox 1210 2476 1373 2554; x_wconf 90' lang='lat' dir='ltr'><strong>martiris,</strong></span> 
     </span>
     <span class='ocr_line' id='line_1_22' title="bbox 323 2573 1372 2656; baseline 0.003 -20"><span class='ocrx_word' id='word_1_162' title='bbox 323 2573 514 2637; x_wconf 82' lang='lat' dir='ltr'><strong>concedens</strong></span> <span class='ocrx_word' id='word_1_163' title='bbox 551 2573 679 2637; x_wconf 92' lang='lat' dir='ltr'><strong>donaui</strong></span> <span class='ocrx_word' id='word_1_164' title='bbox 710 2573 927 2655; x_wconf 87' lang='lat' dir='ltr'><strong>[firmamque</strong></span> <span class='ocrx_word' id='word_1_165' title='bbox 955 2573 1202 2656; x_wconf 85' lang='lat' dir='ltr'><strong>perpetualiter</strong></span> <span class='ocrx_word' id='word_1_166' title='bbox 1226 2576 1372 2656; x_wconf 82' lang='lat' dir='ltr'><strong>munio]</strong></span> 
     </span>
     <span class='ocr_line' id='line_1_23' title="bbox 324 2669 1373 2751; baseline 0.003 -16"><span class='ocrx_word' id='word_1_167' title='bbox 324 2669 429 2736; x_wconf 90' lang='lat' dir='ltr'><strong>Anno</strong></span> <span class='ocrx_word' id='word_1_168' title='bbox 452 2674 496 2736; x_wconf 88' lang='lat' dir='ltr'><strong>ab</strong></span> <span class='ocrx_word' id='word_1_169' title='bbox 510 2673 763 2751; x_wconf 82' lang='lat' dir='ltr'><strong>incarnatione</strong></span> <span class='ocrx_word' id='word_1_170' title='bbox 793 2672 923 2737; x_wconf 85' lang='lat' dir='ltr'><strong>Christi</strong></span> <span class='ocrx_word' id='word_1_171' title='bbox 953 2688 1157 2748; x_wconf 81' lang='lat' dir='ltr'><strong>necuxxxr.</strong></span> <span class='ocrx_word' id='word_1_172' title='bbox 1186 2671 1373 2739; x_wconf 88' lang='lat' dir='ltr'><strong>indictione</strong></span> 
     </span>
     <span class='ocr_line' id='line_1_24' title="bbox 325 2779 462 2854; baseline 0.007 -19"><span class='ocrx_word' id='word_1_173' title='bbox 325 2779 462 2854; x_wconf 85' lang='lat' dir='ltr'><strong>quarta.</strong></span> 
     </span>
    </p>

    <p class='ocr_par' dir='ltr' id='par_1_3' title="bbox 322 2867 1375 3352">
     <span class='ocr_line' id='line_1_25' title="bbox 378 2867 1373 2952; baseline 0.002 -17"><span class='ocrx_word' id='word_1_174' title='bbox 378 2873 417 2952; x_wconf 77' lang='lat'><strong>›1‹</strong></span> <span class='ocrx_word' id='word_1_175' title='bbox 435 2872 512 2952; x_wconf 85' lang='lat' dir='ltr'><strong>Ego</strong></span> <span class='ocrx_word' id='word_1_176' title='bbox 527 2870 606 2934; x_wconf 81' lang='lat' dir='ltr'><strong>oua</strong></span> <span class='ocrx_word' id='word_1_177' title='bbox 620 2873 733 2952; x_wconf 80' lang='lat' dir='ltr'><strong>gratia</strong></span> <span class='ocrx_word' id='word_1_178' title='bbox 747 2872 802 2936; x_wconf 88' lang='lat' dir='ltr'><strong>dei</strong></span> <span class='ocrx_word' id='word_1_179' title='bbox 817 2872 968 2936; x_wconf 88' lang='lat' dir='ltr'><strong>donante</strong></span> <span class='ocrx_word' id='word_1_180' title='bbox 983 2891 1047 2934; x_wconf 88' lang='lat' dir='ltr'><strong>rex</strong></span> <span class='ocrx_word' id='word_1_181' title='bbox 1062 2867 1268 2952; x_wconf 79' lang='lat' dir='ltr'><strong>Anglorum,</strong></span> <span class='ocrx_word' id='word_1_182' title='bbox 1282 2871 1373 2937; x_wconf 87' lang='lat' dir='ltr'><strong>hanc</strong></span> 
     </span>
     <span class='ocr_line' id='line_1_26' title="bbox 323 2970 1373 3053; baseline 0.004 -21"><span class='ocrx_word' id='word_1_183' title='bbox 323 2989 433 3033; x_wconf 90' lang='lat' dir='ltr'><strong>meam</strong></span> <span class='ocrx_word' id='word_1_184' title='bbox 462 2971 733 3035; x_wconf 89' lang='lat' dir='ltr'><strong>uicissitudinem</strong></span> <span class='ocrx_word' id='word_1_185' title='bbox 762 2978 797 3035; x_wconf 90' lang='lat' dir='ltr'><strong>et</strong></span> <span class='ocrx_word' id='word_1_186' title='bbox 821 2970 1041 3035; x_wconf 88' lang='lat' dir='ltr'><strong>donationem</strong></span> <span class='ocrx_word' id='word_1_187' title='bbox 1070 2970 1241 3034; x_wconf 88' lang='lat' dir='ltr'><strong>libertatis</strong></span> <span class='ocrx_word' id='word_1_188' title='bbox 1272 2972 1373 3053; x_wconf 84' lang='lat' dir='ltr'><strong>signo</strong></span> 
     </span>
     <span class='ocr_line' id='line_1_27' title="bbox 322 3069 1375 3152; baseline 0.002 -20"><span class='ocrx_word' id='word_1_189' title='bbox 322 3070 541 3134; x_wconf 90' lang='lat' dir='ltr'><strong>beatissimae</strong></span> <span class='ocrx_word' id='word_1_190' title='bbox 562 3071 672 3133; x_wconf 89' lang='lat' dir='ltr'><strong>crucis</strong></span> <span class='ocrx_word' id='word_1_191' title='bbox 689 3069 818 3134; x_wconf 85' lang='lat' dir='ltr'><strong>Christi</strong></span> <span class='ocrx_word' id='word_1_192' title='bbox 840 3079 880 3134; x_wconf 91' lang='lat' dir='ltr'><strong>ut</strong></span> <span class='ocrx_word' id='word_1_193' title='bbox 902 3070 948 3133; x_wconf 92' lang='lat' dir='ltr'><strong>sit</strong></span> <span class='ocrx_word' id='word_1_194' title='bbox 970 3070 1104 3132; x_wconf 90' lang='lat' dir='ltr'><strong>firmum</strong></span> <span class='ocrx_word' id='word_1_195' title='bbox 1126 3071 1375 3152; x_wconf 88' lang='lat' dir='ltr'><strong>perpetualiter</strong></span> 
     </span>
     <span class='ocr_line' id='line_1_28' title="bbox 324 3167 1373 3253; baseline 0.004 -21"><span class='ocrx_word' id='word_1_196' title='bbox 324 3167 453 3232; x_wconf 89' lang='lat' dir='ltr'><strong>munio.</strong></span> <span class='ocrx_word' id='word_1_197' title='bbox 515 3168 642 3250; x_wconf 64' lang='lat' dir='ltr'><strong>›14Ego</strong></span> <span class='ocrx_word' id='word_1_198' title='bbox 656 3168 834 3253; x_wconf 73' lang='lat' dir='ltr'><strong>Cynebryb</strong></span> <span class='ocrx_word' id='word_1_199' title='bbox 848 3169 970 3251; x_wconf 80' lang='lat' dir='ltr'><strong>regina</strong></span> <span class='ocrx_word' id='word_1_200' title='bbox 985 3169 1188 3252; x_wconf 90' lang='lat' dir='ltr'><strong>[consensi].</strong></span> <span class='ocrx_word' id='word_1_201' title='bbox 1245 3170 1373 3253; x_wconf 49' lang='lat' dir='ltr'><strong>&amp;Ego</strong></span> 
     </span>
     <span class='ocr_line' id='line_1_29' title="bbox 324 3267 1374 3352; baseline 0.003 -22"><span class='ocrx_word' id='word_1_202' title='bbox 324 3267 499 3331; x_wconf 89' lang='lat' dir='ltr'><strong>Eadberht</strong></span> <span class='ocrx_word' id='word_1_203' title='bbox 527 3268 708 3351; x_wconf 92' lang='lat' dir='ltr'><strong>episcopus</strong></span> <span class='ocrx_word' id='word_1_204' title='bbox 739 3269 943 3351; x_wconf 89' lang='lat' dir='ltr'><strong>[consensi].</strong></span> <span class='ocrx_word' id='word_1_205' title='bbox 999 3271 1039 3350; x_wconf 72' lang='lat'><strong>›1‹</strong></span> <span class='ocrx_word' id='word_1_206' title='bbox 1060 3270 1136 3350; x_wconf 85' lang='lat' dir='ltr'><strong>Ego</strong></span> <span class='ocrx_word' id='word_1_207' title='bbox 1164 3267 1374 3352; x_wconf 83' lang='lat' dir='ltr'><strong>Hygeberbt</strong></span> 
     </span>
    </p>
   </div>
   <div class='ocr_carea' id='block_1_3' title="bbox 323 3367 1373 3550">
    <p class='ocr_par' dir='ltr' id='par_1_4' title="bbox 323 3367 1373 3550">
     <span class='ocr_line' id='line_1_30' title="bbox 323 3367 1373 3452; baseline 0.002 -21"><span class='ocrx_word' id='word_1_208' title='bbox 323 3369 504 3450; x_wconf 89' lang='lat' dir='ltr'><strong>episcopus</strong></span> <span class='ocrx_word' id='word_1_209' title='bbox 529 3368 732 3450; x_wconf 88' lang='lat' dir='ltr'><strong>[consensi].</strong></span> <span class='ocrx_word' id='word_1_210' title='bbox 789 3372 829 3451; x_wconf 71' lang='lat'><strong>›1‹</strong></span> <span class='ocrx_word' id='word_1_211' title='bbox 849 3370 925 3450; x_wconf 79' lang='lat' dir='ltr'><strong>Ego</strong></span> <span class='ocrx_word' id='word_1_212' title='bbox 942 3367 1167 3432; x_wconf 70' lang='lat' dir='ltr'><strong>Heaboredus</strong></span> <span class='ocrx_word' id='word_1_213' title='bbox 1191 3369 1373 3452; x_wconf 89' lang='lat' dir='ltr'><strong>episcopus</strong></span> 
     </span>
     <span class='ocr_line' id='line_1_31' title="bbox 325 3467 1373 3550; baseline 0.002 -19"><span class='ocrx_word' id='word_1_214' title='bbox 325 3467 527 3550; x_wconf 88' lang='lat' dir='ltr'><strong>[consensi].</strong></span> <span class='ocrx_word' id='word_1_215' title='bbox 584 3469 624 3549; x_wconf 75' lang='lat'><strong>›1‹</strong></span> <span class='ocrx_word' id='word_1_216' title='bbox 642 3467 717 3548; x_wconf 85' lang='lat' dir='ltr'><strong>Ego</strong></span> <span class='ocrx_word' id='word_1_217' title='bbox 734 3469 934 3533; x_wconf 90' lang='lat' dir='ltr'><strong>Brordanus</strong></span> <span class='ocrx_word' id='word_1_218' title='bbox 954 3468 1037 3531; x_wconf 87' lang='lat' dir='ltr'><strong>dux.</strong></span> <span class='ocrx_word' id='word_1_219' title='bbox 1094 3470 1133 3550; x_wconf 74' lang='lat'><strong>›1‹</strong></span> <span class='ocrx_word' id='word_1_220' title='bbox 1156 3467 1233 3549; x_wconf 79' lang='lat' dir='ltr'><strong>Ego</strong></span> <span class='ocrx_word' id='word_1_221' title='bbox 1247 3468 1373 3533; x_wconf 89' lang='lat' dir='ltr'><strong>Berht-</strong></span> 
     </span>
    </p>
   </div>
   <div class='ocr_carea' id='block_1_4' title="bbox 321 3566 1372 3730">
    <p class='ocr_par' dir='ltr' id='par_1_5' title="bbox 321 3566 1372 3730">
     <span class='ocr_line' id='line_1_32' title="bbox 321 3566 1372 3696; baseline 0.003 -67"><span class='ocrx_word' id='word_1_222' title='bbox 321 3568 470 3630; x_wconf 89' lang='lat' dir='ltr'><strong>nualdus</strong></span> <span class='ocrx_word' id='word_1_223' title='bbox 485 3566 569 3696; x_wconf 61' lang='lat' dir='ltr'><strong>dulx.</strong></span> <span class='ocrx_word' id='word_1_224' title='bbox 626 3568 666 3648; x_wconf 75' lang='lat'><strong>›1‹</strong></span> <span class='ocrx_word' id='word_1_225' title='bbox 683 3567 760 3648; x_wconf 86' lang='lat' dir='ltr'><strong>Ego</strong></span> <span class='ocrx_word' id='word_1_226' title='bbox 775 3567 974 3632; x_wconf 86' lang='lat' dir='ltr'><strong>Eadbaldus</strong></span> <span class='ocrx_word' id='word_1_227' title='bbox 987 3567 1069 3630; x_wconf 83' lang='lat' dir='ltr'><strong>dux.</strong></span> <span class='ocrx_word' id='word_1_228' title='bbox 1126 3567 1166 3647; x_wconf 75' lang='lat'><strong>›1‹</strong></span> <span class='ocrx_word' id='word_1_229' title='bbox 1186 3567 1263 3649; x_wconf 86' lang='lat' dir='ltr'><strong>Ego</strong></span> <span class='ocrx_word' id='word_1_230' title='bbox 1279 3568 1372 3632; x_wconf 88' lang='lat' dir='ltr'><strong>Ead-</strong></span> 
     </span>
     <span class='ocr_line' id='line_1_33' title="bbox 322 3666 523 3730; baseline 0.005 -2"><span class='ocrx_word' id='word_1_231' title='bbox 322 3668 425 3730; x_wconf 89' lang='lat' dir='ltr'><strong>berus</strong></span> <span class='ocrx_word' id='word_1_232' title='bbox 439 3666 523 3729; x_wconf 85' lang='lat' dir='ltr'><strong>dux.</strong></span> 
     </span>
    </p>
   </div>
   <div class='ocr_carea' id='block_1_5' title="bbox 320 3822 1372 3956">
    <p class='ocr_par' dir='ltr' id='par_1_6' title="bbox 320 3822 1372 3956">
     <span class='ocr_line' id='line_1_34' title="bbox 357 3822 1372 3886; baseline 0.005 -13"><span class='ocrx_word' id='word_1_233' title='bbox 357 3822 433 3874; x_wconf 73' lang='lat' dir='ltr'><strong>¹‘l&#39;he</strong></span> <span class='ocrx_word' id='word_1_234' title='bbox 454 3839 577 3886; x_wconf 87' lang='lat' dir='ltr'><strong>passages</strong></span> <span class='ocrx_word' id='word_1_235' title='bbox 600 3823 767 3885; x_wconf 84' lang='lat' dir='ltr'><strong>interpolated</strong></span> <span class='ocrx_word' id='word_1_236' title='bbox 787 3825 831 3873; x_wconf 88' lang='lat' dir='ltr'><strong>be·</strong></span> <span class='ocrx_word' id='word_1_237' title='bbox 859 3827 912 3874; x_wconf 87' lang='lat' dir='ltr'><strong>first</strong></span> <span class='ocrx_word' id='word_1_238' title='bbox 941 3825 998 3874; x_wconf 88' lang='lat' dir='ltr'><strong>MS.</strong></span> <span class='ocrx_word' id='word_1_239' title='bbox 1025 3823 1110 3872; x_wconf 86' lang='lat' dir='ltr'><strong>which</strong></span> <span class='ocrx_word' id='word_1_240' title='bbox 1141 3825 1196 3873; x_wconf 81' lang='lat' dir='ltr'><strong>also</strong></span> <span class='ocrx_word' id='word_1_241' title='bbox 1219 3827 1302 3876; x_wconf 82' lang='lat' dir='ltr'><strong>varies</strong></span> <span class='ocrx_word' id='word_1_242' title='bbox 1329 3827 1372 3878; x_wconf 86' lang='lat' dir='ltr'><strong>the</strong></span> 
     </span>
     <span class='ocr_line' id='line_1_35' title="bbox 320 3894 1254 3956; baseline 0.001 -13"><span class='ocrx_word' id='word_1_243' title='bbox 320 3899 402 3944; x_wconf 86' lang='lat' dir='ltr'><strong>tween</strong></span> <span class='ocrx_word' id='word_1_244' title='bbox 416 3895 535 3945; x_wconf 85' lang='lat' dir='ltr'><strong>brackets</strong></span> <span class='ocrx_word' id='word_1_245' title='bbox 554 3909 597 3944; x_wconf 88' lang='lat' dir='ltr'><strong>are</strong></span> <span class='ocrx_word' id='word_1_246' title='bbox 608 3899 652 3944; x_wconf 91' lang='lat' dir='ltr'><strong>not</strong></span> <span class='ocrx_word' id='word_1_247' title='bbox 662 3894 741 3944; x_wconf 83' lang='lat' dir='ltr'><strong>found</strong></span> <span class='ocrx_word' id='word_1_248' title='bbox 752 3895 832 3945; x_wconf 86' lang='lat' dir='ltr'><strong>inthe</strong></span> <span class='ocrx_word' id='word_1_249' title='bbox 859 3910 963 3945; x_wconf 88' lang='lat' dir='ltr'><strong>manner</strong></span> <span class='ocrx_word' id='word_1_250' title='bbox 973 3895 1002 3946; x_wconf 83' lang='lat' dir='ltr'><strong>of</strong></span> <span class='ocrx_word' id='word_1_251' title='bbox 1009 3895 1052 3944; x_wconf 86' lang='lat' dir='ltr'><strong>the</strong></span> <span class='ocrx_word' id='word_1_252' title='bbox 1063 3895 1254 3956; x_wconf 87' lang='lat' dir='ltr'><strong>subscriptions.</strong></span> 
     </span>
    </p>
   </div>
   <div class='ocr_carea' id='block_1_6' title="bbox 0 0 1560 5032">
    <p class='ocr_par' dir='ltr' id='par_1_7' title="bbox 0 0 1560 5032">
     <span class='ocr_line' id='line_1_36' title="bbox 0 0 1560 5032; baseline 0 0"><span class='ocrx_word' id='word_1_253' title='bbox 0 0 1560 5032; x_wconf 95' lang='lat' dir='ltr'><strong> </strong></span> 
     </span>
    </p>
   </div>
  </div>
 </body>
</html>
