3134 5030
453 452 625 500 onnnrAn
647 451 987 500 Anonosaxonrcrn.
1172 435 1238 502 309

185 613 334 678 libenter
347 613 480 677 donans
502 612 664 696 impendo
682 661 690 678 .
706 614 751 677 ed
764 612 965 678 aecclesiam
988 613 1111 678 heatae
1130 631 1233 694 geue-

187 713 283 778 tricis
298 712 333 777 di
354 720 390 777 et
411 712 469 776 diii
492 713 544 776 nii
563 711 624 777 ihu
645 710 706 800 xpi
728 736 748 802 7
772 713 886 778 dunno
908 713 974 778 ahh
988 713 1095 796 suisq:
1110 713 1233 776 sociis.

187 814 224 876 in
240 814 316 878 loco
337 813 397 894 qui
420 812 546 877 dicitur
560 812 711 877 saudtun
730 820 788 877 ‚et
809 815 846 878 in
860 813 978 878 eodem
999 812 1075 877 loco
1097 812 1162 876 sali
1175 831 1232 876 co-

188 913 325 996 quenda
346 913 448 976 iuxta
468 913 614 977 limenas
629 959 636 974 .
653 920 688 977 et
709 913 746 976 in
767 913 857 977 silua
878 913 934 977 nbi
958 913 1084 977 dicitnr
1105 912 1233 976 andred

189 1021 327 1078 centnm
352 1012 478 1094 uiginti
500 1012 658 1095 plaustra
680 1012 725 1076 ad
749 1013 965 1096 coquendum
993 1013 1057 1078 sal.
1108 1012 1156 1077 Et
1180 1011 1234 1076 his

188 1113 354 1177 ltmitibns
375 1111 461 1176 haec
483 1112 617 1176 telluris
640 1113 811 1194 particula
839 1113 1050 1196 circirgyrari
1071 1111 1233 1179 uidetur.

189 1214 233 1276 ab
249 1213 381 1277 oriente
395 1218 489 1276 terra
510 1213 601 1294 regis
618 1258 626 1275 .
647 1212 692 1276 ab
708 1220 828 1278 austro
842 1213 967 1278 fluuius
983 1213 1043 1296 qui
1063 1212 1102 1276 di
1120 1211 1234 1276 limin-

74 1313 83 1324 ‘
189 1331 251 1384 aee
266 1360 272 1373 .
289 1314 333 1376 ab
363 1330 489 1376 occasu
513 1313 603 1376 etin
625 1313 858 1395 septentrione
879 1312 1087 1377 hudanfleot.
1110 1311 1140 1375 si
1155 1312 1234 1393 quis

190 1419 306 1476 antem
334 1410 521 1493 aliquando
555 1413 712 1494 pulsatus
745 1421 807 1478 aut
835 1413 1006 1477 iudicatus
1038 1411 1141 1476 fuerit
1172 1417 1234 1476 aut

189 1511 324 1576 heredis
345 1531 441 1576 meus
464 1511 530 1575 hoc
548 1512 742 1594 neglexerit
763 1513 807 1576 cii
826 1512 909 1577 iuda
928 1512 1093 1578 traditore
1114 1510 1234 1593 damp-

189 1620 295 1676 natus
313 1611 349 1674 in
371 1611 505 1676 inferno
530 1610 699 1675 inferiore
751 1611 888 1695 Scripta
913 1619 966 1676 est
991 1611 1078 1676 haec
1103 1611 1236 1676 cenula

180 1731 282 1776 anno
302 1713 347 1776 ab
365 1711 601 1777 incarnatione
620 1711 678 1774 dni
697 1710 749 1774 nii
769 1710 829 1775 ihu
854 1708 939 1799 xpi.
955 1727 1155 1775 nconxxtn.
1182 1709 1236 1774 his

181 1813 334 1876 testibus
348 1811 640 1876 consentientibus
651 1811 760 1894 quorii
771 1812 912 1877 uomina
921 1811 1063 1878 inferius
1078 1811 1237 1876 annotari

188 1912 358 1976 uidentur.

245 2014 284 2094 »14
305 2013 382 2093 Ego
407 2010 571 2093 ecgberht
587 2031 651 2075 rex
675 2009 767 2076 hanc
790 2028 902 2074 meam
925 1961 1110 2076 donatione
1134 2009 1237 2093 signii

190 2113 301 2176 crucis
315 2109 376 2199 xpi
389 2111 550 2194 inpressi

246 2214 286 2294 »14
303 2212 379 2294 Ego
394 2210 546 2275 oialnoth
562 2211 676 2292 gratia
691 2208 726 2276 di
742 2206 887 2296 archeps.
898 2209 987 2274 hanc
1000 2206 1115 2296 pdicta
1128 2208 1236 2273 dona-

191 2311 283 2376 tione
298 2312 342 2375 cir
357 2313 458 2392 signo
471 2313 552 2374 stae
568 2311 679 2375 crucis
692 2307 753 2397 xpi
766 2310 927 2374 roborani
942 2328 962 2395 7
979 2309 1176 2392 subscripsi.

181 2431 200 2472 .·
245 2414 284 2494 »14
301 2412 379 2493 Ego
392 2411 577 2474 beornmod
593 2406 653 2497 eps
669 2410 750 2474 coni
766 2430 786 2496 7
801 2411 915 2476 subsc.

246 2513 285 2593 »14
306 2511 383 2594 Ego
398 2510 537 2575 alhstan
551 2507 610 2597 eps
624 2509 705 2574 coni
722 2531 743 2599 7
759 2511 870 2574 subsc.
936 2569 940 2576 .

244 2612 293 2692 »14·
304 2612 382 2693 Ego
396 2610 540 2674 coenred
556 2607 614 2697 eps
630 2610 713 2674 coni
729 2623 749 2689 7
766 2611 880 2674 suhsh.

245 2713 284 2793 »14
305 2711 382 2793 Ego
398 2710 516 2775 osmod
531 2710 604 2773 dux
618 2708 700 2774 coni
717 2721 737 2790 7
754 2710 866 2774 suhsfi.

244 2812 283 2892 »14
305 2811 381 2894 Ego
394 2809 558 2874 uulfhard
572 2809 645 2872 dux
659 2808 741 2872 coni
753 2831 776 2900 7
790 2808 881 2873 suhi.

140 2895 145 2904 ¹
245 2913 284 2993 »14
295 2911 387 2994 ⁴Eg'o'
397 2909 542 2974 eannulf
552 2909 625 2972 dux
639 2908 721 2972 coni
734 2930 756 2999 7
770 2909 862 2973 subi.

244 3012 283 3092 »14
306 3012 384 3093 Ego
397 3009 478 3074 bosa
492 3009 565 3073 dux
579 3008 660 3072 con‘s
673 3030 695 3099 7
710 3008 803 3074 subi.

244 3113 283 3193 »14
303 3111 380 3192 Ego
393 3107 572 3174 drihtnoth
586 3109 652 3171 ahh
667 3108 748 3172 coni
761 3131 783 3200 7
797 3108 887 3172 subi.

244 3211 283 3291 »14
305 3211 382 3292 Ego
394 3208 562 3274 freodorio
576 3209 642 3272 ahh
658 3208 741 3271 coni
754 3229 777 3298 7
791 3208 881 3274 subi.

243 3312 282 3392 »14
304 3310 381 3392 Ego
396 3308 562 3374 heaberht
576 3307 653 3372 diat
667 3307 748 3371 con's
762 3329 785 3396 7
800 3308 891 3372 suhi.

244 3412 283 3492 »14
305 3409 382 3492 Ego
395 3407 581 3474 beornmod
595 3405 629 3470 fit
645 3407 725 3470 coni
738 3428 761 3497 7
776 3407 868 3471 subi.

245 3513 284 3593 »14
306 3509 382 3592 Ego
396 3508 547 3574 heanoth
562 3506 596 3570 ffi
611 3505 692 3570 con‘s
706 3528 729 3595 7
743 3507 835 3569 subi.

244 3612 283 3692 »14
305 3609 381 3692 Ego
394 3609 515 3673 oshere
528 3607 562 3671 ffl
577 3605 658 3673 coni
672 3629 695 3698 7
709 3605 798 3668 suhi.

244 3712 283 3792 »14
304 3709 380 3792 Ego
395 3708 534 3774 alhhere
550 3706 585 3769 in
600 3705 681 3770 coni
695 3728 718 3795 7
732 3705 824 3770 subi.

244 3811 283 3891 »14
303 3809 379 3892 Ego
392 3810 478 3875 lulla
491 3807 525 3872 fn
539 3807 621 3871 coni
635 3828 658 3897 7
672 3805 747 3870 suh.
