3134 5030
450 463 623 512 οιιιιιιιιι
645 465 986 516 ιιιιιιοειιιοιιιοιιι.
1174 449 1240 515 273

188 626 341 691 australe
350 643 388 690 se
402 623 481 688 bole
492 625 602 688 welle.
614 630 650 688 et
661 625 837 690 occidente
846 627 1012 691 diorente.
1024 628 1067 690 ab
1077 624 1237 709 aquilone

187 726 344 791 scorham
359 725 448 792 silba
461 724 617 788 similiter
631 725 690 807 qui
704 725 829 790 dicitur
845 734 926 792 cert.
939 728 983 790 ab
997 726 1184 791 occidente.
1201 733 1237 790 et

188 827 349 911 aquilone
375 836 520 906 greotan
543 824 681 888 edesces
705 825 786 890 lond
808 827 845 889 iu
868 828 1000 896 oriente
1022 827 1237 910 cymesinges

188 934 261 991 cert
286 933 321 990 et
342 925 380 988 in
401 930 521 989 austra
544 924 685 988 ondred.
708 926 820 990 item
810 946 848 990 m
869 926 1018 991 ondrede
1041 934 1179 1009 pastum
1200 933 1236 990 et

188 1045 318 1109 pascua
331 1043 522 1108 porcorum
539 1031 574 1088 et
588 1031 780 1089 armentum
793 1045 855 1090 seu
866 1046 1047 1109 caprorum
1058 1027 1130 1090 suis
1141 1026 1234 1089 locis.

188 1127 224 1190 iu
247 1125 345 1209 hyrst
366 1123 589 1205 sciofingden.
612 1124 698 1188 suad
721 1124 830 1212 hyrst.
854 1134 889 1191 et
910 1128 1019 1210 siquis
1041 1127 1129 1190 scire
1148 1107 1237 1189 desi-

188 1225 295 1290 derat.
311 1243 417 1307 quare
430 1223 520 1287 hanc
535 1224 660 1287 donam
675 1233 746 1288 tam
757 1225 978 1290 deuotissime
995 1227 1164 1290 dedissem
1181 1225 1238 1288 uel

188 1325 390 1390 liberassim.
404 1322 494 1388 sciat
509 1323 560 1387 illi
574 1323 739 1388 recitatur
752 1326 873 1408 quod
862 1327 1020 1409 inprimis
1040 1346 1104 1409 pro
1123 1345 1238 1389 amore
1300 1379 1303 1383 .

189 1423 224 1489 di
239 1423 501 1506 omnispotentis
515 1431 550 1488 et
570 1443 634 1506 pro
647 1426 835 1490 uenerabili
849 1427 979 1508 gradui.
1000 1427 1137 1510 preticti
1150 1445 1237 1508 pou-

189 1524 302 1589 tificis.
318 1543 379 1588 seu
394 1523 498 1587 etiam
512 1525 779 1588 consecrationis
793 1545 880 1591 meae
892 1547 995 1610 quam
1010 1527 1054 1590 ab
1063 1546 1104 1589 eo
1118 1525 1237 1589 eodem

190 1624 256 1689 die.
272 1645 335 1707 per
350 1623 385 1688 di
400 1621 514 1706 gratie
528 1625 656 1706 accepi.
675 1645 737 1688 nec
752 1646 821 1690 non
841 1647 904 1709 pro
917 1628 990 1690 eius
1005 1626 1166 1711 placabili
1177 1645 1237 1707 pe-

189 1725 302 1790 cunia.
316 1723 352 1787 id
367 1731 421 1787 est
439 1725 563 1788 anulus
587 1742 712 1788 aureus
735 1726 865 1790 abens.
884 1744 1013 1792 nxxm.
1039 1744 1236 1790 mancusas.

192 1832 231 1888 ut
247 1826 291 1889 ab
305 1843 346 1888 eo
361 1823 515 1905 αοοθρὶι·
1205 1840 1210 1850 ·

239 1919 367 1989 Actum
395 1929 448 1986 est
474 1941 566 1986 anno
595 1922 765 1988 dominice
791 1925 1156 1991 iucaeti.ncccxx11.
1184 1925 1237 1988 in-

193 2025 285 2088 dicti.
306 2040 380 2088 ..xu
396 2022 452 2086 die
467 2041 549 2086 uero
566 2039 643 2087 ..xo
658 2022 696 2086 kl
709 2026 847 2090 octob.
836 2046 873 2089 m
887 2026 964 2091 loco
978 2026 1095 2110 regale
1108 2025 1167 2108 qui
1187 2023 1238 2087 di-

194 2124 283 2188 citur
296 2123 461 2207 bydictuu
475 2122 505 2184 is
520 2121 619 2187 testis
633 2125 926 2191 consentientibus
948 2134 983 2191 et
1000 2124 1237 2192 scribentibus

190 2245 333 2308 quorum
348 2222 486 2287 nomina
497 2221 589 2286 infra
603 2223 760 2288 abentur.

245 2328 284 2407 ›1‹
300 2325 376 2406 Ego
391 2321 557 2388 ceolwnlf
573 2342 636 2386 rex
659 2325 861 2388 merciorum
875 2323 965 2388 hanc
978 2344 1089 2390 meam
1103 2325 1238 2390 donati-

190 2421 289 2489 onem
305 2424 445 2508 proprio
460 2441 565 2486 manu
578 2423 767 2488 subscribo.

217 2529 284 2608 ›1‹
299 2525 375 2606 Ego
390 2522 534 2588 wulfred
549 2519 683 2586 erhc
645 2523 717 2610 epis
730 2524 951 2588 consenciens
966 2524 1154 2589 subscribo.

244 2628 283 2707 ›1‹
299 2625 375 2706 Ego
389 2620 606 2688 ceolwald
569 2623 641 2709 epis
655 2625 769 2690 oseusi
781 2647 803 2715 7
817 2624 1006 2688 subscribo.

245 2728 284 2807 ›1‹
300 2725 376 2806 Ego
390 2691 571 2787 redhun
534 2721 605 2808 epis
619 2723 731 2788 oseusi
745 2747 767 2815 7
781 2724 970 2787 subscribo.

244 2826 283 2905 ›1‹
299 2823 375 2905 Ego
390 2819 637 2889 wulfheard
600 2823 672 2909 epis
684 2824 798 2887 asensr
811 2847 833 2914 7
849 2824 1036 2888 subscribo.

245 2927 284 3006 ›1‹
302 2923 378 3006 Ego
390 2918 609 2987 heaberht
572 2923 643 3008 epis
657 2924 771 2987 osensi
784 2947 806 3014 7
820 2923 895 2987 sub.

245 3026 284 3105 ›1‹
300 3023 376 3106 Ego
392 3020 526 3105 sigered
542 3020 614 3084 dux
629 3024 776 3114 oseusi7
790 3024 865 3087 iub.

246 3127 285 3206 ›1‹
301 3123 376 3205 Ego
392 3120 562 3187 eadberht
572 3121 643 3185 dux
654 3123 766 3187 asensi
779 3147 801 3214 7
813 3124 889 3187 iub.

247 3226 286 3305 ›1‹
301 3222 377 3304 Ego
393 3220 535 3310 wulfred
550 3220 622 3288 dux
638 3223 751 3286 osensi
765 3247 787 3313 7
801 3225 876 3287 iub.

247 3324 286 3403 ›1‹
301 3322 377 3403 Ego
392 3339 492 3385 muca
507 3321 579 3383 dux
595 3323 710 3386 osensi
723 3345 745 3412 7
756 3323 833 3386 tub.

247 3425 286 3504 ›1‹
301 3421 377 3503 Ego
390 3418 519 3485 eetferb
536 3419 607 3482 dux
622 3421 735 3485 osensi
749 3445 772 3511 7
784 3423 858 3485 inb.

247 3525 286 3604 ›1‹
302 3522 378 3602 Ego
392 3519 474 3584 bosa
486 3520 558 3583 dux
573 3535 673 3585 oscus
688 3543 710 3611 7
726 3521 803 3583 iub.

247 3623 286 3702 ›1‹
302 3620 379 3703 Ego
393 3621 467 3704 piot
481 3619 537 3701 pis
553 3637 653 3684 oseus
665 3643 687 3710 7
700 3620 775 3683 iub.

248 3724 287 3803 ›1‹
303 3720 379 3802 Ego
396 3718 552 3784 eadbald.

248 3823 287 3902 ›1‹
302 3820 378 3902 Ego
394 3817 592 3902 cyneberht.

248 3922 287 4001 ›1‹
302 3920 378 4001 Ego
393 3918 565 4000 wighelm.

251 4023 290 4102 ›1‹
305 4019 382 4101 Ego
396 4018 601 4083 beadheard.

251 4122 290 4201 ›1‹
308 4119 384 4200 Ego
401 4117 536 4184 tnured.
