3188 5032
498 398 670 455 cesaree
693 399 1035 450 nxccosnxonrcsn.
1247 383 1291 448 59

238 551 362 620 mendo
386 555 545 624 examine
567 556 735 622 rationem
759 557 984 622 redditurum.
1036 557 1107 622 Pro
1133 556 1292 638 ampliori

239 653 411 719 firmitatis
426 659 646 732 testamento,
662 656 834 737 principes
850 664 885 720 et
899 664 1089 734 senatores,
1103 658 1233 722 indices
1256 664 1291 720 et

239 752 403 834 patricios
418 755 632 821 subscribere
646 755 789 821 fecimus
803 777 812 835 ;
828 758 1103 839 setempublica,
1118 765 1152 822 et
1166 755 1291 824 confir·

240 859 371 920 matum
396 854 433 919 in
455 855 572 935 lignea
598 855 753 932 basilica,
779 874 872 921 anno
900 858 944 922 ab
966 857 1204 923 incarnatione
1230 854 1291 920 do·

241 951 324 1013 mini
337 954 646 1034 septingentesimo
660 963 796 1036 quarto.

297 1050 335 1132 ›1‹
355 1051 432 1133 Ego
448 1051 653 1119 Aldbelmus
666 1054 865 1137 subscripsi.

727 1322 811 1386 LII.

318 1470 618 1537 SUAEBRAED
643 1469 707 1534 OF
731 1470 899 1548 ESSEX,
923 1471 1017 1535 June
1031 1472 1125 1550 leth,
1147 1474 1223 1537 704.

300 1628 338 1707 ›1‹
356 1625 400 1690 In
417 1629 553 1693 nomine
568 1626 627 1691 diii
650 1627 701 1690 nii
724 1625 785 1690 ibn
811 1624 871 1713 xpi
893 1628 1078 1694 saluatoris
1124 1627 1292 1708 Quamuis

244 1728 338 1791 solus
357 1747 468 1792 sermo
488 1726 658 1792 sufficeret
671 1725 729 1791 Ad
747 1727 979 1796 testimonium
1004 1735 1157 1796 attamen
1170 1750 1196 1814 p
1210 1750 1292 1796 cau-

244 1827 326 1892 tella
341 1827 536 1892 fntnrorum
550 1835 743 1909 temporum
758 1847 801 1890 ne
816 1829 893 1908 quis
905 1827 994 1892 forte
1008 1836 1182 1915 posterum
1198 1829 1291 1894 frau-

242 1926 418 1992 dulentam
433 1929 651 2009 ignorantiae
672 1927 847 2009 piaculum
869 1947 1048 2012 perperam
1070 1930 1225 1996 incurrat
1239 1930 1290 1994 id-

243 2027 333 2091 circo
374 2026 522 2091 scedulis
565 2027 681 2090 saltim
722 2027 826 2092 uilib:
864 2031 900 2112 p'
918 2029 1083 2111 ampliore
1119 2031 1292 2094 firmitatis

243 2127 475 2214 supplimento
498 2127 729 2190 necessarium
753 2147 830 2190 reor
859 2126 1042 2193 adnectere
1071 2127 1293 2212 Quapropter

244 2246 309 2308 ego
339 2226 518 2291 sueabraed
550 2245 614 2289 rex
643 2229 894 2290 eastsexonorii
925 2236 961 2291 et
992 2248 1057 2309 ego
1090 2227 1291 2310 peeogthath

245 2345 323 2396 cum
345 2325 487 2393 licentia
501 2324 678 2389 AEdelredi
699 2326 791 2406 regis
813 2327 919 2394 comis
941 2327 1194 2409 aliquantulum
1216 2329 1292 2409 agri

245 2432 378 2509 partem
413 2445 476 2508 pro
506 2425 655 2489 remedio
681 2422 885 2488 Animarum
918 2427 1057 2490 niarnm
1087 2427 1291 2492 uualdhario

246 2526 325 2609 epia
346 2527 383 2589 in
406 2525 556 2590 dominio
572 2525 700 2589 donare
715 2522 928 2590 decrenimus
946 2525 982 2588 id
997 2541 1013 2584 ÷
1031 2573 1039 2589 .
1056 2543 1155 2589 xxx.
1175 2545 1291 2593 cassa-

244 2633 358 2690 torum
385 2625 421 2688 in
447 2626 524 2691 loco
547 2625 606 2709 qui
625 2624 751 2687 dicitur
773 2625 969 2689 tuicanhom
991 2625 1028 2688 in
1048 2626 1190 2712 puincia
1212 2647 1290 2710 quae

245 2733 462 2808 nuncupatur
490 2724 750 2789 middelseaxan
781 2725 871 2792 Haec
894 2734 1010 2792 autem
1035 2731 1129 2789 terra
1159 2726 1212 2790 bis
1238 2727 1290 2790 lo-

245 2843 362 2889 corum
382 2826 525 2891 limitib:
563 2825 764 2907 designatur
789 2823 847 2889 Ab
872 2826 1003 2888 oriente
1027 2831 1062 2888 et
1085 2833 1203 2890 austro
1227 2826 1291 2890 llu-

244 2924 335 2987 mine
350 2925 483 2988 tamisae
506 2927 691 2990 terminata
711 2943 733 2986 a
755 2925 999 3006 septemtrione
1018 2924 1123 3007 plaga
1138 2933 1292 2990 torrente

246 3023 352 3088 Cuius
374 3023 579 3086 uocabulum
604 3038 621 3082 a
653 3022 864 3087 fiscesburna
889 3023 1147 3088 Possessionem
1175 3033 1291 3090 antem

244 3122 344 3187 huius
359 3129 460 3188 terrae
475 3123 592 3192 taliter
609 3129 649 3186 ut
661 3122 917 3204 supradiximus
932 3123 1020 3188 Cum
1035 3125 1163 3207 campis
1186 3127 1292 3190 satio·

245 3223 356 3287 nalib:
380 3223 577 3305 pascualib:
602 3223 712 3304 pratis
752 3223 928 3305 palludib:
960 3224 1139 3306 piscuariis
1179 3226 1291 3290 flumi-

244 3323 330 3386 nib:
353 3322 510 3387 Clusuris
536 3321 683 3386 omnib:
708 3343 786 3405 quae
811 3323 855 3387 ad
882 3343 957 3387 earn
982 3324 1233 3406 pertinentibus
1255 3327 1292 3389 in

245 3422 394 3487 dominio
417 3441 523 3506 snpra
547 3423 630 3487 dicti
651 3422 743 3506 Epic
768 3423 1010 3504 possidendam
1032 3421 1192 3509 ppetuale
1218 3426 1291 3488 iure

244 3522 447 3586 tradidimus
471 3531 506 3587 et
528 3522 634 3588 liberii
655 3521 782 3585 babeat
803 3529 1010 3604 potestatem
1036 3522 1162 3604 agendi
1183 3523 1291 3605 quod-

244 3641 366 3705 cumq:
382 3623 533 3688 uoluerit
554 3641 656 3704 porro
678 3628 717 3686 ut
729 3621 859 3686 firmior
880 3620 982 3686 buius
1004 3621 1199 3688 donationis
1222 3623 1291 3688 lar-

243 3721 330 3803 gitio
351 3722 478 3804 iugiter
498 3728 695 3786 seruaretur
715 3721 818 3786 etiam
842 3729 948 3787 testes
970 3721 1190 3786 adiunximus
1205 3739 1291 3804 qim·

244 3841 319 3885 rum
334 3838 337 3844 ·
350 3823 491 3886 nomina
517 3822 634 3885 subter
664 3828 827 3885 tenentur
854 3823 985 3887 inserta
1026 3821 1063 3886 si
1098 3822 1175 3903 quis
1208 3842 1291 3888 uero

243 3939 480 3986 successorum
502 3921 639 3984 nicrum
653 3921 742 3984 banc
755 3920 951 4000 donationis
974 3921 1045 3984 niae
1060 3921 1293 3987 munificentia

244 4040 371 4103 augere
393 4029 428 4086 et
449 4021 657 4103 amplificare
676 4021 836 4084 maluerit
857 4027 962 4102 auget
983 4020 1046 4083 diis
1068 4029 1201 4104 partem
1217 4023 1290 4087 eius

244 4121 281 4185 in
304 4122 391 4186 libro
411 4121 494 4186 uitae
525 4121 563 4184 Si
588 4120 704 4202 quise
726 4119 863 4184 diuerso
884 4120 976 4202 qnod
999 4121 1090 4187 absit
1112 4123 1293 4206 tyrannica
