3188 5032
293 384 360 450 ,104
547 400 719 458 οιιιιιιιιι
742 401 1084 453 Auemsnxoumns.

300 558 344 622 ad
357 549 566 642 pascendum
579 608 586 623 .
598 576 642 623 cu
655 607 663 624 .
675 561 870 626 iumentorii
880 560 981 625 iuxta
990 559 1138 624 marisco
1152 558 1213 641 qui
1228 557 1354 623 dicitur

299 659 456 742 biscopes
470 660 550 724 uuio
564 678 629 743 usq
646 680 654 725 ι
671 660 715 724 ad
730 661 852 724 silbam
867 661 928 743 qui
943 659 1139 744 appellatur
1155 661 1233 742 ripp
1256 666 1291 723 et
1313 666 1350 723 at

301 760 466 824 terminos
494 760 741 825 suthsaxoniae
765 761 856 824 sicut
877 761 959 825 olim
981 759 1103 826 habuit
1129 777 1292 824 romanus
1313 757 1354 846 pr

299 858 347 922 ad
369 860 548 924 ecclesiam
574 859 763 924 beatissimi
792 861 935 943 birginis
960 860 1090 924 mariae
1116 860 1209 943 quod
1235 861 1351 923 estin

297 958 495 1036 liminlaeae
522 960 671 1025 libenter
704 960 833 1025 donaui
864 967 949 1044 atq:
988 960 1079 1029 dono
1108 960 1262 1043 regimen
1289 957 1351 1024 ha-

303 1060 406 1123 bento
436 1060 588 1127 eiusdem
618 1061 816 1126 monasterii
846 1060 972 1126 domno
1002 1059 1207 1126 cuthberhto
1240 1059 1352 1124 archi-

302 1159 464 1242 episcopo
481 1168 565 1225 tune
577 1160 741 1244 temporis
756 1161 885 1227 abbati.
920 1160 1049 1226 Uerum
1065 1161 1148 1244 quia
1161 1159 1352 1224 cauendum

302 1266 414 1328 estne
430 1259 630 1342 hodiernam
646 1259 868 1327 donationem
884 1268 1039 1326 nostram
1057 1259 1166 1327 futuri
1188 1261 1353 1343 temporis

302 1360 475 1442 abnegare
490 1361 608 1425 ualeat
626 1367 662 1426 et
681 1361 718 1424 in
740 1361 938 1443 ambiguum
958 1361 1126 1425 deuocare
1138 1361 1352 1444 presumptio

305 1458 444 1524 Placuit
468 1461 551 1524 mihi
579 1460 668 1524 hanc
693 1460 856 1543 paginam
885 1461 1032 1527 condere
1058 1481 1120 1544 per
1150 1480 1255 1542 quam
1283 1480 1352 1525 non

303 1559 414 1628 solum
441 1562 581 1629 omnib:
599 1560 684 1625 meis
706 1561 961 1628 successoribus
981 1568 1067 1644 atq:
1091 1560 1273 1625 heredibus
1299 1569 1353 1626 set

300 1659 408 1732 ‚etiam
437 1661 591 1726 mihimet
617 1661 684 1744 ipsi
712 1661 879 1729 interdico
909 1681 954 1725 ne
982 1662 1083 1727 aliter
1110 1679 1214 1743 quam
1248 1661 1354 1744 aime

304 1760 531 1827 constitutum
553 1767 607 1824 est
627 1760 699 1824 ullo
721 1769 874 1843 tempore
889 1761 1068 1846 quippiam
1083 1781 1186 1844 agere
1205 1761 1357 1826 audeant

303 1859 397 1942 quod
414 1861 513 1944 siqui
528 1861 617 1925 forte
631 1862 815 1927 obseruare
828 1862 1049 1944 neglexerint
1060 1869 1095 1926 et
1105 1863 1236 1944 absque
1250 1861 1358 1944 digna

307 1959 545 2026 satisfactione
567 1961 737 2043 presentis
758 1961 852 2027 uitae
872 1962 1090 2044 impleberint
1111 1962 1184 2026 dies
1208 1962 1298 2027 sciat
1318 1981 1357 2026 se

300 2060 553 2144 omnipotentis
566 2059 602 2127 di
615 2059 668 2125 iri
680 2062 855 2126 incurrere
873 2069 908 2126 et
926 2063 945 2128 a
965 2062 1111 2126 socitate
1126 2063 1263 2126 siiorum
1284 2081 1357 2126 om-

307 2161 401 2223 nium
435 2169 666 2244 segregatum.
721 2160 895 2239 Quoniam
922 2161 1114 2229 siissimam
1140 2162 1357 2228 beatissimae

309 2260 453 2340 uirginis
479 2262 608 2326 mariae
632 2261 747 2327 locum
771 2261 974 2326 deonestare
999 2269 1144 2328 conatus
1170 2269 1236 2326 est.
1288 2261 1358 2340 Qui

308 2380 391 2424 uero
427 2360 513 2428 haec
547 2361 707 2444 augenda
741 2349 968 2426 custodierint
997 2362 1125 2444 nihilq:
1158 2362 1359 2444 inrogarent

308 2461 444 2525 aduersi
457 2463 616 2526 ,auribus
631 2462 824 2544 percipiant
837 2482 958 2528 uocem
970 2462 1226 2526 clementissimi
1236 2462 1357 2527 iudicis

307 2561 494 2642 inquientis
521 2562 565 2627 ad
588 2562 665 2648 pios
682 2609 690 2625 .
709 2561 836 2627 Uenite
850 2562 1022 2628 benedicti
1042 2562 1151 2646 patris
1166 2563 1232 2627 mei
1247 2563 1357 2646 perci-

308 2661 380 2742 pite
393 2681 538 2743 regnum
555 2662 648 2744 quod
664 2661 763 2725 uobis
778 2670 938 2745 paratum
953 2671 1008 2727 est
1023 2664 1067 2727 ab
1081 2662 1213 2744 origine
1226 2662 1356 2728 mundi.

358 2758 487 2827 Actum
505 2763 541 2826 in
560 2762 637 2827 loco
651 2762 711 2843 qui
724 2761 850 2827 dicitur
863 2762 1035 2828 liminlaee
1048 2760 1154 2827 Anno
1168 2762 1359 2827 dominicae

307 2860 579 2928 incarnationis.
596 2877 743 2928 ucexnl.
760 2861 954 2927 Indictione
969 2879 1024 2927 ιιι.
1340 2879 1342 2882 ’

363 2958 493 3044 ›14Ego
515 2961 761 3026 aethilberhtus
784 2983 847 3026 rex
869 2963 1006 3027 cantiae
1027 2962 1117 3027 hanc
1132 2961 1314 3028 donationi
1337 2963 1356 3026 a

307 3081 362 3124 me
376 3058 504 3125 factam
519 3062 662 3144 propria
676 3080 780 3124 manu
797 3062 896 3144 signo
911 3065 990 3126 sitae
1004 3063 1115 3127 crucis
1129 3063 1300 3127 roboraui.

362 3163 402 3243 ›1‹
419 3161 496 3244 Ego
510 3162 735 3226 cuthberhtus
749 3163 865 3244 gratia
886 3161 922 3228 di
944 3162 1133 3247 archiepisc
1153 3161 1243 3226 hane
1264 3162 1357 3246 piam

302 3260 491 3326 donatione
505 3261 651 3344 predicti
665 3263 757 3344 regis
772 3264 928 3328 consensi
942 3271 979 3328 et
990 3263 1190 3348 subscripsi.

362 3363 402 3443 *1⁴
416 3361 551 3443 signum
565 3381 688 3426 manus
702 3362 899 3428 balthhardi

362 3462 402 3542 ›1‹
416 3461 517 3543 signii
531 3462 610 3526 maii
625 3460 808 3526 aedelhuni

363 3563 403 3643 ›1‹
417 3562 518 3643 signii
532 3562 611 3624 maii
627 3561 818 3626 dunuualhi
832 3563 986 3646 pincerni

362 3663 401 3743 ›1‹
415 3660 467 3747 sig
477 3662 555 3724 maii
568 3661 804 3727 duunuuallan

362 3762 401 3843 ›1‹
415 3761 467 3848 si'g
482 3763 560 3827 maii
576 3761 745 3827 aldberhti
758 3762 902 3844 prefecti

362 3859 468 3948 fflsig
486 3863 562 3928 maii
578 3861 790 3929 aethelnothi
