3172 5030
308 401 354 466 14
566 413 739 461 curaris
763 410 1102 462 anonosaxonrcau.

309 575 517 660 praesentia,
544 574 730 640 adiuuante
753 572 905 648 domino,
933 568 1132 653 perpetraui
1154 567 1219 631 sub
1240 584 1364 630 manus

309 676 594 754 christicolarum,
617 673 852 758 gubernatrici
876 670 1020 736 Aebbae
1041 668 1235 753 perpetuali
1255 669 1364 732 dona·

311 777 406 842 tione
424 777 553 859 redegi,
569 784 610 842 ut
624 783 741 841 teneat
765 773 943 858 possideat
964 771 1103 853 scipsa
1128 788 1264 852 semper
1284 787 1363 833 suc-

310 897 533 961 cessoresque
564 878 640 942 aius
671 874 944 944 incommutabili
981 873 1119 936 decreto
1154 869 1362 950 defendant;

311 986 419 1062 atque
453 979 498 1043 ad
535 979 835 1044 confirmacionem
870 976 971 1040 istius
1008 972 1162 1038 cartulae
1198 971 1364 1054 cespitem

310 1087 423 1144 terrae
454 1081 674 1163 supradictae
699 1099 798 1146 sacro
822 1078 924 1142 altari
949 1074 1231 1159 superposuiut
1252 1072 1364 1136 omnis

311 1181 517 1264 quicumque
545 1199 650 1245 ausus
674 1181 778 1246 luerit
801 1179 931 1263 aliquid
960 1195 1005 1243 ex
1035 1195 1077 1240 ea
1105 1183 1274 1240 temerare
1303 1180 1365 1238 ant

311 1283 465 1346 minuere
486 1282 544 1346 uel
565 1282 670 1346 etiam
699 1288 943 1358 transmutare,
971 1279 1045 1342 sine
1072 1277 1254 1341 uoluntate
1282 1291 1363 1358 pos·

311 1383 512 1461 sidencium,
539 1383 628 1450 sciat
656 1403 694 1448 se
726 1383 877 1448 alienum
909 1401 931 1446 a
964 1379 1228 1463 participatione
1265 1375 1364 1458 regni

311 1477 481 1548 coelestis¹
497 1482 596 1562 effici,
610 1491 646 1548 et
661 1503 683 1548 a
697 1491 799 1548 coetu
818 1482 969 1547 fidelium
983 1487 1203 1562 segregatum
1223 1477 1290 1541 nisi
1309 1495 1364 1540 re·

312 1584 480 1666 gulariter
514 1586 759 1650 emendauerit.
817 1578 858 1659 ⁹1⁴
895 1584 1040 1666 Signum
1077 1587 1219 1644 sanctae
1252 1578 1365 1644 crucis

312 1686 452 1767 propria
467 1705 572 1750 manu
587 1687 755 1769 expressi.

364 1779 403 1860 >1⁴
419 1785 563 1869 Signum
577 1806 701 1852 manus
718 1786 865 1852 Osuuini
878 1786 981 1867 regis.
1036 1776 1075 1857 >1⁴
1091 1781 1167 1864 Ego
1192 1778 1365 1844 Suebhar·

313 1886 378 1952 dus
393 1889 552 1953 consensi
566 1895 602 1953 et
616 1890 814 1974 subscripsi.
864 1888 903 1969 ›1‹
924 1886 1070 1969 Signum
1084 1883 1207 1948 manus
1222 1880 1328 1946 Acce.

804 2185 880 2251 XI.

518 2354 536 2396 *
563 2350 830 2432 LIUTHARI,
853 2351 948 2436 Aug.
970 2351 1066 2429 auth,
1087 2351 1164 2417 675.

369 2500 410 2581 *1⁴
430 2500 547 2565 Subur
562 2501 653 2565 enim
666 2501 868 2584 plerumque
881 2501 1080 2583 contingere
1097 2509 1137 2566 ut
1149 2499 1367 2583 autumpnali

313 2601 470 2666 comodio
508 2601 704 2666 facessante
741 2610 911 2679 caumate,
949 2601 1120 2667 brumalia
1156 2601 1375 2668 semeucium-

314 2709 498 2766 uentorum
526 2703 635 2768 dabra
661 2704 844 2786 reciprocis
875 2703 1074 2767 alternatim
1100 2705 1257 2768 cursibus
1285 2721 1367 2768 suc-

317 2803 454 2880 cedant,
469 2804 593 2886 quibus
618 2805 811 2886 procellosa
830 2804 945 2887 pelagi
965 2801 1103 2868 caerula
1123 2805 1367 2887 innormesque

313 2904 435 2967 oceani
449 2906 605 2986 gurgites
620 2904 700 2970 binc
725 2913 829 2989 atque
844 2905 940 2969 illinc
962 2905 1178 2988 quatiuntur,
1200 2906 1364 2989 quatinus

314 3004 480 3085 nauigero
502 3005 641 3070 tramite
663 3006 779 3070 nullus
807 3007 937 3089 absque
961 3005 1155 3070 discrimine
1179 3006 1366 3088 nauigans,

313 3102 496 3170 furibundo
515 3105 653 3170 flamine
666 3108 812 3172 carbasa
825 3113 1017 3190 rumpente,
1038 3105 1254 3172 transfretat.
1308 3105 1367 3171 Ita

315 3205 474 3270 nimirum
501 3213 676 3290 prostrata
698 3208 817 3272 mundi
837 3209 1062 3291 pompulenta
1084 3207 1207 3289 gloria,
1228 3207 1367 3291 iamque

313 3307 613 3390 appropinquante
635 3308 787 3373 eiusdem
809 3309 968 3387 termino,
996 3308 1205 3373 fluctuantes
1236 3309 1366 3373 saeculi

313 3408 469 3472 turbines
499 3408 694 3474 incumbere
727 3410 879 3474 euidenti
912 3410 1148 3492 experimento
1185 3409 1365 3490 uidentur3

314 3515 355 3573 nt
380 3527 501 3574 reuera
527 3516 563 3574 et
591 3510 664 3575 ullo
694 3511 824 3596 absque
846 3511 990 3595 ancipiti
1018 3511 1192 3594 scrupulo,
1220 3509 1281 3575 illa
1303 3512 1365 3576 do·

315 3608 398 3673 mini
425 3611 608 3693 praesagia
642 3613 770 3677 nostris
798 3613 939 3677 tandem
970 3613 1180 3695 temporibus
1209 3631 1366 3695 compro-

315 3710 442 3776 bantur
458 3713 611 3795 impleri3
636 3713 760 3796 quibus
777 3714 829 3778 ita
847 3713 988 3779 coelesti
1011 3714 1151 3778 oraculo
1174 3711 1297 3778 effatus
1313 3719 1366 3778 est

314 3805 454 3877 dictus²:
481 3812 607 3879 Uidete
621 3814 802 3879 ficulneam
816 3821 851 3878 et
866 3834 984 3879 omnes
998 3815 1150 3892 arbores,
1167 3821 1202 3878 et
1217 3820 1365 3878 caetera.

317 3909 426 3976 Porro
440 3913 531 3978 inter
543 3914 606 3979 has
626 3917 843 3982 turbulentas
866 3916 995 3982 saeculi
1013 3921 1237 3999 tempestates
1257 3916 1366 3999 scrip·

401 4137 412 4242 ἑ
428 4141 581 4262 blilcceqllqsiis'
593 4143 619 4192 in
630 4148 692 4209 text,
703 4146 832 4196 corrected
842 4148 877 4209 by
889 4161 905 4196 a
915 4147 980 4196 later
991 4145 1058 4194 hand
1070 4147 1096 4194 in
1107 4145 1149 4194 the
1161 4144 1268 4208 margin.
