3134 5030
426 457 599 506 cusanus
622 457 963 506 suenossxoutcuu.
1150 439 1220 507 269

167 614 309 698 posteri,
324 613 416 696 quod
431 632 496 694 ego
510 612 555 676 ad
570 619 712 678 sanctae
723 614 844 678 matris
854 613 1040 679 aecclesiae
1054 613 1219 679 honorem

167 723 204 780 et
231 715 341 778 diuini
368 713 482 777 cultus
513 713 772 790 exaltationem,
796 713 934 778 domino
963 714 1040 792 deo,
1067 713 1220 778 omnium

168 817 336 880 bonorum
363 813 521 895 largitori
546 813 740 896 magnifico,
769 821 892 878 sancto
925 812 1101 879 Guthlaco
1136 833 1222 880 oon·

168 915 301 992 sessori,
322 921 357 978 et
379 912 549 977 Sinuardo
572 914 689 978 abbati
713 913 953 997 croylandiae,
975 922 1012 979 et
1034 915 1216 984 abbatibus

168 1014 320 1080 eiusdem
343 1013 412 1079 loci
438 1019 517 1097 post
540 1013 654 1096 ipsum
679 1014 952 1092 succedentibus
978 1022 1014 1079 et
1034 1013 1218 1078 'monachis

167 1117 251 1193 suis,
265 1121 378 1179 totum
399 1113 591 1178 manerium
612 1133 725 1178 meum
741 1121 776 1178 ct
793 1114 911 1178 uillam
925 1115 969 1178 de
984 1113 1165 1196 Langtost,
1182 1121 1219 1178 et

168 1216 205 1280 in
219 1215 350 1298 campis
364 1214 516 1278 eiusdem
531 1213 636 1278 uillae
649 1233 714 1279 sex
728 1221 908 1279 carucatas
930 1222 1043 1278 terrae
1066 1215 1218 1292 arabilis,

169 1316 334 1379 habentes
355 1315 393 1378 in
412 1313 629 1395 longitudine
653 1330 717 1379 xv,
733 1322 977 1397 quarenteuas‚
1002 1321 1037 1378 et
1063 1332 1220 1397 1X.qua-

169 1423 331 1481 rentenas
346 1415 382 1480 in
395 1414 591 1492 latitudine,
605 1421 641 1478 et
655 1422 794 1479 centum
809 1433 908 1478 acras
921 1415 1024 1497 prati,
1039 1421 1075 1478 et
1085 1415 1221 1498 syluam

169 1524 205 1580 et
215 1516 398 1579 mariscum
409 1515 553 1578 duarum
568 1514 744 1579 leucarum
759 1514 796 1578 in
811 1514 1037 1595 longitudine,
1047 1521 1083 1578 et
1092 1515 1222 1580 aeccle·

169 1618 256 1681 siam
271 1615 422 1679 eiusdem
438 1614 554 1690 uillae,
569 1622 606 1679 et
624 1631 683 1678 xn.
701 1634 800 1678 acras
815 1616 906 1697 prati
921 1616 963 1679 de
980 1614 1100 1679 eodem
1121 1613 1223 1680 feodo

169 1717 206 1779 iu
230 1735 352 1799 campo
380 1716 422 1779 de
446 1714 595 1796 Deping.
664 1714 766 1779 Haec
790 1716 939 1798 paucula
961 1716 1106 1779 donaria
1132 1733 1221 1791 mea,

170 1837 249 1880 cum
274 1815 432 1880 omnibns
458 1816 571 1892 rebus,
594 1821 629 1878 et
654 1814 691 1878 in
718 1816 820 1879 rebus
844 1817 916 1879 suis
940 1815 1067 1880 eisdem
1092 1834 1223 1898 appen-

170 1917 343 1993 dentibus,
366 1916 472 1981 libere
487 1921 523 1978 et
538 1920 661 1997 sponte
680 1915 746 1980 deo
771 1923 808 1979 et
829 1923 950 1980 sancto
974 1914 1160 1993 Guthlaco‚
1186 1923 1222 1980 et

171 2015 348 2081 monachis
369 2015 407 2079 in
431 2013 681 2098 croylandensi
703 2017 912 2080 monasterio
935 2015 999 2079 deo
1021 2014 1221 2080 famulanti-

170 2119 247 2195 bus,
262 2118 299 2181 in
323 2135 446 2199 puram
471 2122 507 2178 et
531 2121 733 2197 perpetuam
758 2116 980 2180 elemosinam
1002 2114 1109 2180 libere
1134 2114 1223 2192 dedi,

170 2221 233 2300 p'ro
249 2217 361 2281 salute
377 2217 513 2280 animae
528 2234 624 2279 meae
637 2222 673 2279 et
687 2216 839 2279 omnium
857 2215 1115 2298 progenitorum
1131 2235 1224 2279 meo·

171 2338 259 2385 rum.
294 2316 395 2380 Istud
420 2335 534 2380 meum
557 2315 810 2398 cyrographum
833 2316 924 2398 apud
956 2314 1223 2398 legecestriam,

170 2418 207 2484 in
236 2417 433 2500 praeseutia
462 2413 592 2480 domini
620 2415 712 2497 rogis
747 2414 977 2499 Uuithlaphii,
1007 2422 1043 2479 et
1063 2403 1223 2479 'aliorum

171 2519 387 2584 dominorum
413 2517 450 2580 in
479 2516 568 2581 festo
596 2515 630 2579 S.
657 2515 777 2581 lacobi
805 2516 954 2599 apostoli
991 2515 1225 2593 collectorum,

172 2639 264 2684 auno
285 2617 476 2682 dominicae
499 2616 748 2681 incarnationis
771 2632 943 2680 noocxtx.
960 2615 1037 2697 Ego
1052 2615 1225 2698 Frigistus

171 2719 282 2796 miles,
296 2719 397 2800 siguo
412 2725 554 2781 sanctae
567 2716 678 2781 crucis
692 2716 901 2780 confirmaui.

229 2820 268 2901 ›1‹
285 2819 362 2901 Ego
376 2816 624 2900 Uuithlaphius
639 2836 706 2880 rex
724 2816 933 2881 Merciorum
953 2816 1120 2881 consensi.
1179 2816 1218 2897 ›1‹

173 2919 250 3001 Ego
272 2916 484 2983 Athelardus
507 2917 784 3000 archiepiscopus
810 2917 1084 2981 Doroberneusis
1105 2935 1224 2980 assen-

173 3039 249 3083 sum
264 3018 353 3082 dedi.
412 3019 451 3100 ›1‹
468 3018 544 3100 Ego
560 3017 738 3099 Egbaldus
757 3016 1019 3082 Uuintonieusis
1042 3018 1223 3099 episcopus

172 3119 373 3202 subscripsi.
428 3119 468 3200 »1⁴
484 3119 559 3200 Ego
571 3115 756 3200 Adulpbus
768 3117 1027 3182 Lichfieldensis
1042 3118 1225 3201 episcopus

173 3219 378 3284 collaudaui.
438 3219 477 3300 ›1‹
494 3219 571 3299 Ego
588 3217 783 3281 Turstanus
806 3220 987 3301 presbyter
1008 3218 1137 3283 domiui
1158 3218 1226 3282 mei

173 3319 266 3402 regis
282 3318 513 3402 Uuithlaphii,
530 3318 595 3383 hoc
610 3317 853 3401 cirographum
868 3337 972 3382 manu
988 3337 1065 3382 mea
1080 3317 1210 3400 scripsi.

558 3633 561 3639 ·
623 3613 797 3680 ooxrv.

514 3734 798 3843 courteous,
820 3762 894 3829 821.

233 3912 334 3999 ›1⁴1N
350 3915 488 3980 nomine
502 3913 630 3979 domini
645 3921 680 3979 et
696 3914 751 3978 dei
765 3913 874 3978 nostri
890 3911 1003 3976 Ihesu·
1013 3910 1141 3977 Christi
1157 3914 1231 3979 ueri

176 4016 401 4100 redemptoris
425 4015 565 4080 mundi!
618 4013 723 4080 Anno
747 4034 831 4079 uero
856 4013 1046 4078 dominicae
1070 4014 1231 4078 incarna-

176 4117 282 4186 tionis
306 4133 478 4181 neocxxr.
508 4115 702 4180 Indictione
726 4131 818 4178 x1111.
881 4114 957 4196 Ego
985 4113 1160 4178 Kenulfus
1185 4115 1230 4178 ab

177 4218 297 4283 eodem
312 4216 450 4283 domino
470 4223 590 4281 nostro
612 4215 749 4298 populis
772 4223 807 4281 et
829 4214 984 4280 tribubus
1008 4215 1231 4297 praeordina-

729 4472 754 4526 Ι
