3134 5030
334 427 401 492 268
596 441 768 491 ouanrnn
791 440 1133 492 anonossxomoan.

336 608 480 674 silicae
509 628 678 673 consensu
706 616 890 693 pantorum
920 629 1100 693 procerum
1124 617 1395 692 praetorumque

335 729 489 773 meorum
513 729 658 792 quorum
684 708 775 772 infra
801 717 969 776 caraxata
991 709 1188 793 liquescunt
1209 711 1393 788 uocabula,

334 828 411 873 meo
432 809 617 893 ‘praeclaro
645 809 800 892 pontifici
830 809 1051 874 Deneberhto
1080 810 1214 874 eteius
1242 809 1393 875 dilectae

335 908 594 992 Uuegernensis
624 909 812 974 aecclesiae
834 909 1108 993 congregationi,
1131 909 1197 973 hoc
1219 910 1393 975 libertatis

333 1016 369 1074 et
392 1008 621 1092 expeditionis
643 1008 862 1093 priuilegium
880 1010 924 1074 de
948 1010 1025 1075 istis
1047 1009 1227 1074 territoriis
1250 1030 1394 1094 compo-

332 1128 414 1173 nere
455 1107 603 1187 decreui,
637 1110 702 1173 hoc
735 1116 790 1173 est
821 1109 1036 1192 Salonuarpe
1069 1117 1105 1174 et
1128 1109 1289 1174 Hamtun
1312 1131 1391 1174 cnm

333 1209 491 1273 omnibus
521 1208 566 1274 ad
593 1227 630 1273 se
654 1208 753 1272 bonis
782 1211 1045 1292 pertinentibus,
1073 1211 1322 1293 perpetualiter
1345 1211 1390 1274 ad

332 1309 527 1373 habendum
554 1316 590 1372 et
620 1308 863 1390 possidendum
897 1317 1002 1393 atque
1033 1310 1227 1387 fruendum,
1257 1311 1392 1376 tamdiu

331 1409 498 1490 quamdiu
517 1407 761 1474 Christianitas
780 1408 816 1472 in
837 1410 907 1473 ista
920 1418 1121 1494 permaneat
1133 1411 1284 1493 regione.
1330 1411 1391 1475 Li·

331 1510 449 1573 beram
470 1508 593 1592 scripsi
616 1509 660 1573 ab
683 1509 842 1573 omnibus
856 1509 934 1573 aliis
956 1510 1191 1575 saecularibus
1206 1512 1310 1574 rebus
1325 1511 1391 1575 du-

334 1610 447 1692 risque
476 1609 700 1673 seruitutibus
728 1610 872 1674 modicIs
897 1616 934 1675 et
954 1611 1102 1692 magnis,
1126 1612 1230 1688 notis,
1246 1612 1391 1693 ignotis,

331 1717 469 1791 praeter
483 1717 618 1774 tantum
639 1709 694 1773 his
715 1709 850 1776 duobus
872 1711 998 1787 causis,
1014 1711 1104 1774 arcis
1118 1718 1154 1774 et
1167 1712 1283 1793 pontis
1305 1731 1390 1776 con-

330 1809 520 1873 structione
534 1816 570 1874 et
581 1809 811 1896 expeditione.
862 1810 1028 1874 Similiter
1041 1810 1104 1874 has
1119 1818 1242 1888 terraS,
1256 1812 1391 1878 scilicet

332 1909 532 1987 Beolne,'et
556 1909 724 1988 Broctun,
747 1917 783 1975 et
806 1909 957 1989 Forseld,
985 1930 1062 1975 oum
1084 1911 1204 1974 eodem
1217 1912 1390 1978 libertatis

330 2010 525 2092 priuilegio,
551 2010 693 2093 campis
716 2011 825 2088 siluis,
855 2011 1013 2074 omnibus
1032 2010 1143 2074 modis
1166 2011 1216 2074 sic
1240 2012 1387 2078 liberam

329 2109 503 2192 descripsi.
557 2108 707 2174 Peracta
727 2117 781 2174 est
802 2118 918 2175 autem
941 2111 1027 2174 baec
1049 2110 1191 2176 donatio
1207 2131 1298 2175 anno
1323 2113 1389 2178 do-

330 2209 476 2274 minicae
492 2209 748 2294 ¹incarnationis
778 2227 964 2274 ncccxvu.
1026 2209 1221 2275 Indictione
1247 2216 1389 2295 nanque

330 2323 370 2373 x.
386 2311 484 2392 regni
504 2329 589 2374 uero
612 2311 721 2374 nostri
743 2330 766 2374 a
787 2311 851 2375 deo
874 2309 1030 2375 concessi
1051 2327 1131 2373 xxi.
1185 2309 1387 2392 Augentem

329 2430 412 2474 uero
427 2411 483 2474 uel
498 2417 695 2474 seruantem
708 2410 796 2474 banc
811 2418 951 2475 nostrae
971 2410 1168 2475 donationis
1191 2410 1388 2478 libertatem

330 2511 546 2594 omnipotens
560 2506 644 2574 deus
667 2511 739 2574 dies
763 2515 844 2575 suas
866 2518 902 2574 et
924 2511 979 2574 hic
1003 2518 1038 2575 et
1060 2511 1096 2573 in
1119 2510 1235 2576 futuro
1255 2519 1388 2595 augeat

328 2611 527 2675 corroboret
544 2618 579 2674 et
603 2611 801 2690 benedicat3
825 2611 1036 2676 minuentem
1061 2610 1181 2694 ntique
1205 2613 1262 2677 uel
1288 2613 1386 2678 fran-

329 2719 468 2793 gentem
490 2711 579 2776 hanc
603 2711 640 2774 in
665 2731 793 2793 magno
822 2731 884 2775 seu
907 2713 944 2775 in
968 2709 1115 2786 modico,
1140 2713 1274 2777 minuat
1297 2713 1387 2778 deus

328 2811 420 2875 bona
434 2831 499 2876 sua
514 2811 569 2876 hic
585 2818 622 2875 et
643 2812 679 2875 in
701 2811 830 2890 futuro,
853 2819 889 2880 et
911 2810 1134 2876 aeternaliter
1157 2813 1313 2877 tradetur
1338 2815 1385 2879 ad

328 2931 474 2994 poenam
489 2912 556 2976 nisi
568 2918 650 2976 ante
665 2931 743 2975 cnm
756 2911 991 2976 satisfactione
1006 2912 1249 2976 emendauerit.

384 3013 423 3094 ›1‹
438 3013 514 3094 Ego
539 3010 727 3076 Coenulius
749 3031 811 3076 rex
825 3012 1035 3076 Merciorum
1050 3012 1139 3076 hanc
1160 3012 1384 3078 donationem

328 3130 434 3174 manu
447 3131 523 3175 mea
536 3111 672 3175 firmani
688 3120 723 3176 et
739 3113 877 3195 signum
891 3118 1034 3176 sanctae
1048 3111 1159 3176 crucis
1183 3113 1382 3196 subscripsi.

333 3211 372 3292 >1⁴
390 3211 466 3293 Ego
490 3211 650 3276 Wulfred
675 3213 963 3296 archiepiscopus.
1036 3212 1075 3293 >1⁴
1090 3212 1167 3294 Ego
1195 3212 1384 3278 Herewine

326 3311 517 3394 episcopus.
590 3312 629 3393 ›1‹
647 3311 723 3394 Ego
751 3312 951 3376 Deneberbt
980 3311 1173 3394 episcopua.
1245 3313 1284 3394 ›1‹
1303 3314 1383 3396 Ego

326 3409 531 3476 Wult'neard
557 3411 748 3494 episcopus.
807 3413 846 3494 ›1‹
871 3412 947 3495 Ego
966 3411 1127 3476 Wihtred
1149 3413 1265 3476 abbas.
1335 3415 1376 3496 ›1‹

326 3511 403 3594 Ego
425 3511 582 3576 'I'ilberht
604 3513 720 3576 abbas.
779 3513 818 3594 ›1‹
833 3513 910 3594 Ego
928 3511 1087 3577 Wulfred
1109 3511 1191 3576 dux.
1249 3516 1288 3596 »χι
1302 3513 1382 3596 Ego

327 3611 484 3677 Beornob
498 3613 578 3676 dux.

767 3819 947 3886 CCXIII.

556 3965 577 4008 *
602 3961 829 4040 FREGIsL,
852 3961 874 4026 J
877 3962 937 4045 uly
951 3961 1045 4040 aoth,
1060 3960 1135 4024 819.

380 4110 419 4188 »1⁴
434 4106 595 4172 concurs
611 4103 826 4168 Christicolis
842 4102 940 4184 regni
956 4099 1178 4178 Mereiorum,
1196 4099 1381 4185 Fregistus

329 4207 427 4270 miles
441 4207 478 4272 in
492 4207 630 4271 domino
646 4206 804 4269 salutem.
843 4202 961 4268 Sciant
975 4210 1047 4270 tam
1061 4209 1260 4284 praesentes
1271 4222 1380 4287 quam
