3112 5032
339 438 407 502 212
598 451 772 500 euterun
795 452 1136 502 nuenostxoruenn.

400 612 440 691 ιχ(
456 604 649 688 uuigmund
663 607 707 672 ab

402 712 442 791 ᾧ
457 705 592 770 sortred
604 705 648 770 aii

400 813 439 892 ,χι
456 806 601 889 Signum
616 825 740 872 manus
758 806 917 872 Brordan
931 807 1028 891 primi

400 911 440 991 >1⁴
457 905 635 971 heaberhti
648 907 715 972 dud

403 1012 443 1092 ιιι
460 1015 542 1072 esne
555 1007 622 1072 dui:

401 1112 441 1192 ᾧ
458 1106 640 1190 wigberhti
653 1107 719 1171 dud

402 1212 440 1291 ›1‹
457 1207 672 1272 aedelmundi
688 1207 754 1272 dui:

401 1312 441 1392 ᾧ
458 1307 599 1391 eadgari
613 1305 679 1369 dud
720 1355 724 1364 .

402 1413 442 1493 >1⁴
457 1409 632 1490 uuioggan
645 1407 711 1471 dui:

402 1512 442 1591 »1⁴
457 1505 651 1572 ceolmundi
664 1507 730 1570 dud

402 1611 442 1690 ᾧ
455 1603 641 1672 beornnoti
655 1606 722 1669 dui:

402 1710 442 1790 >1⁴
458 1705 676 1772 beardberhti
691 1706 757 1769 dui:

402 1811 442 1891 >1⁴
459 1807 593 1891 oyddan
607 1807 674 1870 dui:

399 1910 440 1990 »1⁴
454 1908 687 1991 Dispensante
717 1925 758 1971 ac
785 1912 1000 1989 guuernante
1033 1923 1185 1989 superna
1214 1907 1398 1972 elementia

345 2026 410 2089 ego
436 2009 556 2073 osunlf
575 2009 648 2072 dux
671 2026 734 2090 pro
758 2014 926 2092 perpetua
950 2006 1184 2089 redemptione
1213 2025 1254 2071 ae
1283 2009 1397 2073 salute

343 2109 478 2174 animae
510 2128 607 2173 meae
630 2107 732 2191 meiq:
756 2108 914 2190 coniugis
940 2104 1149 2189 beorndryde
1180 2106 1269 2171 hanc
1294 2127 1397 2191 prae-

341 2206 435 2272 dicti
457 2208 603 2273 marisci
634 2206 724 2273 dabo
758 2216 795 2273 et
826 2207 978 2273 concedo
1010 2207 1055 2272 ad
1084 2207 1180 2272 illam
1214 2209 1395 2273 ecelesiam

339 2327 433 2392 quae
460 2309 529 2374 sita
557 2317 611 2374 est
637 2307 674 2371 in
699 2309 760 2373 illo
786 2306 1212 2373 uenerabilemonaaterio
1236 2309 1330 2390 qnod
1354 2307 1397 2375 dr

340 2416 399 2473 aet
414 2409 555 2492 liminge
568 2408 815 2492 perpetualiter
833 2407 1026 2473 habendam
1041 2415 1077 2472 et
1091 2406 1237 2472 feliciter
1258 2410 1395 2490 perfru-

342 2507 468 2573 endum
497 2558 506 2574 .
535 2510 600 2574 hae
628 2497 652 2574 ti
689 2508 888 2575 condicione
925 2507 1131 2590 interposita
1165 2515 1205 2572 ut
1240 2511 1394 2592 unicuiq:

341 2613 434 2674 anno
456 2616 561 2692 post.
584 2626 653 2676 ΧΗ.
676 2608 820 2690 mensib3
845 2608 1063 2690 migrationis
1084 2607 1166 2670 niae
1188 2614 1324 2693 tempus
1347 2612 1393 2674 ab

339 2707 401 2772 illa
435 2709 565 2776 familia
603 2717 661 2775 aet
689 2709 856 2792 limingge
889 2709 1080 2773 celebretur
1107 2708 1272 2790 quamdiu
1296 2710 1393 2776 ‘fides

340 2808 512 2875 catholiea
543 2810 578 2874 in
603 2817 705 2892 gente
731 2810 915 2892 anglorum
939 2815 1097 2903 pseueret
1121 2855 1129 2872 .
1155 2827 1234 2872 cum
1262 2808 1392 2874 ieiunio

341 2907 502 2993 diuinisq:
537 2908 718 2992 orationib:
754 2909 791 2973 in
818 2909 1018 2993 psalmodiis
1046 2915 1081 2973 et
1109 2907 1257 2972 missar-i
1280 2911 1392 2974 caele.

338 3007 553 3074 brationibus
571 3059 579 3075 .
594 3029 656 3076 seu
678 3009 782 3074 etiam
803 3009 840 3073 in
861 3009 1052 3098 refectione
1065 3008 1177 3073 fratrii
1197 3009 1235 3074 in
1256 3010 1333 3075 cibo
1355 3018 1393 3075 et

340 3115 425 3189 potu
440 3157 448 3173 .
463 3111 565 3174 iuxta
586 3112 679 3193 quod
701 3109 912 3174 fraternitati
933 3109 1015 3174 uiae
1036 3109 1173 3174 uidetur
1195 3109 1287 3193 quod
1309 3130 1391 3194 pro-

339 3207 463 3272 ducere
476 3211 633 3292 poteritis
647 3211 731 3276 etin
745 3211 807 3274 uia
825 3210 980 3275 bonitate
1004 3208 1219 3275 confidimus.
1273 3209 1389 3294 Unaq:

338 3308 439 3389 panis
462 3328 540 3374 enm
564 3311 640 3376 cibo
658 3309 876 3375 uernaeulot
899 3328 1051 3392 paupere
1072 3309 1165 3374 illius
1188 3309 1391 3376 monasterii

338 3407 394 3472 die
416 3409 477 3474 illa
504 3411 673 3476 tradatur.
704 3410 838 3494 hocque
861 3411 898 3474 in
929 3416 1106 3492 posterum
1134 3411 1391 3474 suecessoribus

337 3509 463 3573 uestris
478 3510 676 3594 praecipere
689 3530 903 3593 praecamur,

337 3625 645 3676 rnernuurrurnu
674 3605 776 3674 vdent
807 3626 972 3676 svrnnun
1011 3625 1220 3674 onnunurut
1260 3625 1388 3674 evoro·

704 3727 803 3789 ntur,
826 3728 864 3776 ru
889 3725 1042 3791 tuvvu,¹
