3134 5030
464 445 637 495 cunutus
659 446 1000 499 succosnxorucnn.
1193 435 1259 500 259

202 609 295 667 suut
349 601 571 686 Quapropter
585 622 651 686 ego
667 602 856 669 Coennlfus
879 605 993 686 gratia
1006 605 1062 669 d‘ei
1076 625 1140 671 rex
1157 605 1252 671 Mer-

202 705 344 780 ciorum,
370 703 446 766 niro
475 704 673 768 uenerando
699 705 736 768 iu
763 702 893 768 Christi
922 705 1091 771 charitate
1119 727 1254 773 summo

200 804 408 887 pontificalis
424 803 522 886 apice
532 803 707 883 decorato,
718 803 887 869 Uulfredo
896 805 1154 890 archiepiscopo
1162 807 1253 872 dabo

202 912 239 968 et
252 904 403 968 concedo
419 904 572 986 aliquam
593 914 729 988 partem
743 913 855 970 terrae
876 906 960 969 iuris
974 906 1053 986 mei,
1068 908 1255 989 quaemihi

201 1004 346 1087 largitor
367 1003 518 1068 omnium
541 1005 709 1070 bonorum
734 1003 819 1068 dens
842 1004 972 1069 donare
998 1006 1162 1088 dignatus
1187 1016 1253 1087 est,

202 1125 264 1188 pro
286 1105 410 1169 intimo
435 1106 591 1169 caritatis
614 1105 751 1182 affectu,
765 1111 804 1168 ut
828 1105 1007 1188 apostolus
1029 1106 1091 1186 ait,
1106 1106 1252 1173 hilarem

201 1207 292 1269 enim
318 1205 474 1269 datorem
499 1205 613 1288 diligit
636 1205 730 1270 deus.
794 1205 841 1270 Et
864 1206 929 1270 boc
953 1213 1007 1271 est
1032 1207 1069 1271 iu
1092 1206 1168 1272 loco
1191 1209 1252 1290 qui

200 1305 326 1370 dicitur
339 1306 533 1382 Binnanca,
547 1306 683 1370 circiter
699 1321 797 1370 xxx.
806 1306 939 1387 iugera,
952 1306 1044 1370 inter
1054 1307 1142 1372 duos
1157 1307 1251 1372 riuos

200 1406 382 1489 gremiales
407 1405 557 1470 fluminis
581 1405 673 1488 quod
696 1405 822 1471 dicitur
841 1404 934 1470 Stur.
983 1407 1031 1470 Et
1052 1408 1136 1471 haec
1158 1415 1252 1472 terra

199 1507 308 1570 libera
321 1513 522 1588 permaneat
536 1506 573 1568 in
587 1513 790 1589 perpetuam
805 1506 1056 1588 possessionem
1065 1507 1252 1573 aecclesiae

202 1606 340 1672 christi.
387 1605 490 1685 Quod
503 1606 534 1668 si
545 1607 691 1689 quisquo
706 1603 786 1670 hiric
800 1606 976 1688 largitioni
990 1607 1251 1687 contradixerit,

200 1707 416 1772 contradicat
440 1706 473 1770 ei
502 1705 599 1785 deus,
626 1715 661 1772 et
688 1707 839 1789 denegat
869 1706 1064 1787 ingressum
1093 1708 1252 1772 coelestis

201 1809 305 1872 tritae.
357 1805 486 1872 Actum
509 1814 564 1871 est
586 1805 652 1871 hoc
675 1825 767 1871 anno
790 1807 982 1871 dominicae
1002 1808 1250 1872 incarnationis

201 1910 412 1973 Dccc.xl111⁰.
429 1905 556 1972 Indict.
578 1924 627 1971 v1.
645 1907 699 1970 his
718 1908 865 1971 testibus
884 1907 1178 1973 consentientibus
1197 1915 1251 1972 at-

200 2029 268 2092 que
281 2007 575 2084 confirmantibus,
589 2025 735 2090 quorum
750 2007 893 2074 nomina
905 2014 990 2071 nota
1003 2015 1094 2073 sunt.

256 2111 295 2192 ›1‹
310 2109 386 2190 Ego
411 2106 588 2172 coenuulf
603 2107 718 2189 gratia
742 2107 797 2172 dci
825 2124 887 2174 rex
920 2107 1129 2172 Marciorum
1158 2106 1248 2171 hanc

200 2209 396 2275 donationis
432 2206 728 2272 confirmationem
756 2208 856 2290 signo
884 2207 995 2271 crucis
1028 2205 1158 2272 Christi
1194 2226 1250 2271 ro·

199 2311 331 2376 borani.

256 2412 295 2493 ›1‹
326 2411 402 2492 Ego
432 2408 579 2476 Uultred
608 2406 885 2491 archiepiscopus
913 2405 1073 2471 consensi
1100 2412 1136 2469 et
1169 2407 1250 2470 sub·

200 2512 333 2594 scripsi.
1017 2567 1022 2576 .

255 2613 296 2694 ⁸1⁴
313 2611 390 2694 Ego
404 2609 610 2694 Denobyrht
624 2609 808 2692 episcopus
822 2607 981 2672 consensi
993 2611 1029 2670 et
1042 2606 1240 2689 subscripsi.

255 2713 294 2794 ›1‹
311 2712 388 2793 Ego
405 2709 578 2776 Uult'hard
592 2709 774 2792 episcopus
788 2708 946 2772 consensi
959 2716 995 2772 et
1007 2705 1205 2789 subscripsi.

254 2814 296 2896 ›1‹
312 2812 455 2895 Signum
473 2829 594 2874 manus
612 2807 798 2873 Eadberhti
813 2808 918 2874 ducis.

254 2914 294 2994 ›1‹
311 2911 457 2994 Signum
471 2929 595 2976 manus
611 2909 819 2973 Eolhheardi
833 2908 941 2972 ducis.

253 3013 294 3094 ⁸1⁴
310 3012 455 3095 Signum
469 3029 592 3077 manus
607 3008 776 3076 Ceoluulfi
790 3009 900 3074 ducis.

662 3223 784 3238 ..n-⁸-

657 3356 787 3421 ccvi.

523 3501 806 3602 conuuunu,
829 3523 905 3589 sn.

255 3709 295 3789 ›1‹
309 3705 516 3770 Rucunrtns
538 3704 574 3767 in
597 3719 720 3768 aeuum
747 3699 915 3782 archipoli
937 3697 1134 3762 conditore!
1173 3696 1249 3777 Ego

199 3805 383 3883 Coenuuls,
403 3805 477 3868 eius
492 3804 672 3887 praeclara
688 3801 804 3884 gratia
817 3799 1023 3864 concedente
1038 3815 1101 3861 rex
1121 3796 1249 3860 Merci-

198 3929 308 3985 omm,
322 3907 413 3970 dabo
428 3905 580 3988 aliquam
594 3910 728 3986 partem
744 3909 856 3966 terrae
870 3899 955 3962 iuris
971 3898 1038 3962 mei
1051 3915 1129 3961 meo
1144 3916 1248 3961 uene-

198 4008 298 4072 rabili
311 4015 417 4090 atque
431 4005 468 4068 in
482 4006 547 4070 deo
562 4002 692 4068 dilecto
703 3998 924 4066 Deneberhto
947 3998 1121 4080 episcopo,
1144 4003 1248 4079 atque

198 4111 271 4174 eius
285 4107 449 4184 familiae,
463 4111 620 4189 quaeest
633 4104 670 4167 in
686 4103 876 4184 Unegorna
891 4095 1013 4176 cestre,
1027 4096 1063 4161 id
1085 4103 1149 4175 cst,
1167 4104 1249 4162 ‘o'oto

198 4208 424 4286 manentium,
445 4208 482 4271 in
503 4207 588 4270 loco
603 4205 662 4287 qni
680 4202 875 4286 appellatus
895 4207 949 4264 est
962 4206 1021 4263 aet
1035 4197 1150 4341 saure,
1171 4217 1249 4262 curn

1043 4307 1054 4340 S
