3134 5030
335 390 402 458 286
597 405 771 454 cuinrau
793 399 1136 452 ancnosaxorucan.

334 570 486 645 quatuor
510 560 682 624 carucatis
706 566 818 624 terrae
833 558 985 635 arabilis,
999 557 1216 622 continentes
1229 557 1266 620 in
1280 556 1394 638 longi-

333 662 453 726 tudine
478 667 558 724 octo
583 666 827 743 quarantenae,
843 667 879 726 et
899 665 978 726 octo
1000 664 1232 740 quarentenas
1251 657 1288 720 in
1312 657 1394 721 lati-

332 762 452 825 tudine
466 781 474 840 ;
498 768 533 824 et
549 777 635 823 xut'.
652 777 751 823 acras
768 760 859 841 prati
872 779 890 838 ;·
905 765 940 824 et
955 759 1140 822 mariscum
1156 757 1393 821 continentem

333 862 369 924 in
393 860 609 942 longitudine
630 875 707 923 xvi.
732 866 976 941 quarentenas,
1000 865 1036 924 et
1060 864 1393 939 v111.quarentenas

333 961 370 1024 in
389 959 584 1026 latitudine.
637 958 684 1022 Et
703 959 906 1026 aecclesiam
926 957 1043 1032 uillae,
1065 963 1101 1021 et
1126 977 1233 1022 unum
1259 957 1392 1020 molen-

334 1059 464 1136 dinum,
488 1067 523 1124 et
548 1057 727 1123 dimidium
747 1059 889 1124 alterius
912 1056 1112 1136 molendini,
1135 1062 1172 1120 et
1193 1063 1305 1120 totam
1318 1056 1391 1138 pis-

334 1160 463 1224 cariam
485 1177 597 1223 meam
620 1157 656 1221 in
678 1176 771 1240 aqua
792 1178 814 1222 a
838 1157 1016 1241 praedicto
1042 1155 1239 1221 molendino
1266 1174 1391 1219 uersus

334 1259 554 1346 occidentem.
609 1256 710 1320 Haec
725 1276 803 1321 mea
823 1257 970 1324 donaria
992 1255 1071 1322 dedi
1095 1255 1251 1338 praefato
1272 1256 1393 1320 abbati

334 1359 504 1424 Siuuardo
519 1366 554 1423 et
570 1357 748 1422 monachis
769 1357 894 1424 ibidem
915 1357 979 1422 deo
1003 1355 1245 1434 seruientibus,
1258 1357 1297 1419 in
1311 1375 1392 1438 per-

334 1467 473 1542 petuam
497 1458 718 1522 elemosinam
742 1457 1007 1542 imperpetuum,
1030 1455 1074 1520 ad
1099 1456 1392 1520 sustentationem

335 1560 388 1622 sui
412 1558 633 1637 monasterii;
665 1558 760 1639 quia,
786 1559 877 1625 sicut
905 1576 1009 1644 saepe
1038 1554 1154 1634 didici,
1184 1555 1300 1620 insula
1327 1575 1393 1618 sua

336 1658 463 1724 nullius
478 1666 531 1723 est
547 1657 646 1721 ferax
662 1656 780 1722 tritici.

391 1761 430 1840 ›1‹
448 1757 528 1821 Hoc
542 1775 706 1840 praesens
716 1755 969 1840 cyrographum
983 1774 1096 1820 meum
1112 1753 1205 1837 apud
1221 1753 1392 1836 Legeces-

334 1858 448 1934 triam,
461 1858 498 1920 in
511 1857 711 1939 praesencia
726 1856 854 1922 domiui
869 1856 935 1922 mei
950 1853 1170 1936 Uuithlaphii
1187 1853 1279 1936 regis
1295 1853 1392 1916 Mer-

335 1957 477 2034 ciorum,
513 1975 604 2020 anno
638 1955 887 2024 incarnationis
918 1953 1048 2020 domini
1073 1969 1257 2020 uoccxxu
1288 1953 1391 2035 signo

334 2057 445 2121 crucis
465 2056 636 2121 stabiliter
658 2056 866 2120 confirmaui.
924 2054 1057 2136 ›1⁴Ego
1076 2053 1276 2118 Osmundus
1298 2053 1392 2117 Lon-

335 2158 403 2222 don
444 2156 625 2240 episcopus
665 2156 835 2222 consensi.
908 2157 947 2236 ›1‹
978 2154 1054 2236 Ego
1084 2152 1253 2219 Osbertus
1284 2155 1393 2218 abbas

338 2256 490 2339 Rapodii
515 2255 667 2321 interfui.
726 2257 765 2336 ›1‹
791 2255 868 2338 Ego
896 2253 1114 2320 athelwinus
1152 2253 1223 2316 dux
1261 2254 1391 2317 audiui.

341 2359 380 2438 ›1‹
398 2357 474 2439 Ego
494 2355 709 2420 Suuithunus
725 2356 907 2438 presbyter
920 2373 1083 2436 praesens
1097 2352 1148 2420 sni
1159 2354 1213 2436 ᾖ.

804 2539 925 2549 -ι--ι

760 2651 961 2719 CCXXII.

486 2805 507 2845 *
522 2801 861 2876 AETHELUULF
885 2801 951 2866 OF
974 2799 1126 2876 ΚΕΝΤ,
1150 2799 1226 2864 827.

388 2951 427 3030 ›1‹
443 2949 647 3014 Rneuanrn
668 2950 888 3016 aeternaliter
908 2969 988 3031 rege
1008 2948 1160 3014 oinnium
1174 2946 1390 3014 saeculorum

333 3048 1114 3116 dominoetsaluatorenostroIhesuChristo!
1138 3048 1261 3114 Orbita
1269 3049 1390 3112 laben-

334 3148 379 3210 tis
395 3148 524 3211 saeculi
537 3149 711 3214 cotidiano
722 3149 838 3214 deficit
851 3168 986 3214 occasu.
1018 3149 1098 3213 Hoc
1108 3168 1245 3232 quoque
1260 3148 1388 3212 indicio

336 3246 452 3310 fideles
463 3247 590 3331 quique
599 3249 702 3332 opido
710 3257 1056 3331 commonentur‚quo
1067 3250 1235 3312 bonorum
1246 3268 1390 3330 operum

334 3347 494 3431 exempla
508 3356 680 3413 sectantes
695 3355 834 3432 patrum
848 3348 885 3415 in
899 3349 1153 3414 beniuolentiae
1179 3348 1390 3430 proficiendo

335 3467 508 3526 successu,
519 3450 759 3532 temporalium
775 3448 1012 3514 uicissitudine
1025 3450 1207 3526 bonorum,
1221 3455 1391 3532 perpetua

336 3555 372 3613 et
384 3548 678 3614 incommutabilia
700 3549 799 3631 regni
825 3549 998 3612 caelorum
1022 3556 1220 3613 mereantur
1245 3547 1390 3631 adipisci

335 3647 476 3730 gaudia,
501 3649 575 3716 sine
600 3648 747 3717 termino
775 3667 1008 3732 permansura.
1074 3647 1297 3731 Quapropter
1321 3668 1390 3729 ego

336 3746 580 3812 Aetheluulfus
601 3769 664 3816 rex
688 3749 827 3818 fauente
849 3749 905 3814 dei
930 3748 1174 3832 omnipotentis
1195 3748 1391 3826 clementia,

337 3867 457 3914 omnes
480 3855 602 3926 terras,
630 3849 743 3928 uillas,
771 3849 1018 3933 possessiones,
1043 3855 1156 3930 prata,
1179 3867 1321 3930 pascua,
1344 3850 1392 3914 ad

335 3948 507 4030 quoddam
545 3951 801 4027 monasterium,
835 3950 927 4030 qnod
972 3951 1036 4014 sub
1070 3948 1209 4014 nomine
1246 3956 1391 4014 sanctae

336 4045 518 4114 Trinitatis
556 4058 590 4114 et
630 4051 864 4134 apostolorum
912 4049 1075 4132 principis
1113 4048 1210 4114 Petri
1252 4057 1393 4115 constat

335 4147 463 4214 honore
482 4150 688 4229 dedicatum,
709 4151 801 4235 quod
824 4149 957 4216 famoso
980 4149 1072 4233 apud
1093 4147 1229 4230 Anglos
1255 4169 1391 4214 nuncu-
