3112 5032
321 420 387 484 166
581 431 754 480 cunnrnu
777 429 1119 479 uuonosnxourous.

381 594 420 673 ›1‹
442 589 502 675 sig
516 590 593 652 maii
610 607 691 652 esne
706 587 781 669 prid

381 693 420 772 ›1‹
440 689 501 775 sig
515 709 594 752 man
573 686 760 750 brordan
773 684 870 748 ducis

381 792 421 871 ›1‹
442 789 502 875 Sig
514 789 594 852 maii
608 786 716 870 bynni
729 784 826 848 ducis
1384 851 1387 857 Ι

380 935 573 954 ........
596 884 809 968 godmundes
822 881 900 946 leab
913 881 1140 963 subscripsert
1153 894 1172 961 7
1186 873 1381 946 afirmauert

326 986 516 1073 plurimi
479 988 538 1074 epi
547 1003 567 1070 7
583 986 780 1069 optimates.

718 1272 991 1339 CXXXVIII.

739 1418 882 1499 OFFA,
898 1419 974 1485 780.

386 1574 425 1653 ›1‹
447 1570 600 1636 Cuneus
615 1569 730 1634 labilis
748 1569 844 1634 uitae
863 1569 965 1633 huius
986 1567 1211 1633 subsistentia
1231 1589 1383 1636 momen-

331 1679 436 1736 tanea
451 1678 486 1735 et
507 1670 638 1734 caduca
653 1687 715 1767 pre
730 1669 840 1734 oculis
856 1669 999 1733 decessu
1018 1669 1250 1751 praesentium
1267 1671 1383 1756 pxim-

331 1789 429 1834 orum
450 1776 629 1834 cernentes
643 1769 877 1833 festinandum
896 1769 995 1832 nobis
1014 1777 1069 1833 est
1089 1787 1304 1851 summopere
1320 1817 1328 1833 .
1344 1777 1384 1832 ut

331 1869 469 1952 opereifr
490 1871 618 1932 bonum
636 1869 680 1932 ad
695 1888 814 1932 omnes
825 1869 915 1932 sicut
926 1868 1078 1932 ueridica
1093 1867 1197 1950 apiici
1211 1868 1384 1950 dogmatis

332 1971 496 2050 compbat
505 1969 650 2033 assertio
658 1970 808 2032 maxime
817 1971 897 2031 autb
909 1968 953 2031 ad
964 1968 1169 2032 domesticos
1179 1968 1273 2048 fidei3
1288 1967 1385 2046 Qua·

333 2071 438 2152 prop'e
459 2088 524 2150 ego
545 2068 615 2132 offa
636 2069 766 2131 caelica
787 2067 951 2132 fulciente
968 2068 1150 2132 clementia
1162 2088 1225 2132 rex
1240 2069 1384 2132 mercio-

334 2189 410 2232 rum
425 2168 562 2249 simulq
578 2168 724 2230 aliarum
738 2168 975 2280 circumquaq3
999 2167 1178 2232 nationum
1193 2167 1236 2231 ad
1252 2166 1385 2231 cociam

334 2287 438 2383 quam
454 2267 612 2330 eanulfus
629 2286 716 2331 auus
737 2286 834 2330 meus
854 2267 892 2330 in
910 2266 1040 2330 honore
1059 2267 1152 2332 beati
1173 2233 1268 2349 petri
1289 2268 1384 2350 prin·

335 2368 421 2451 cipis
444 2366 678 2448 apostolorum
696 2367 891 2430 construxit
915 2366 1119 2430 ubidicitur
1141 2374 1189 2431 aet
1211 2367 1386 2430 breodune

335 2467 488 2554 psalute
510 2466 624 2530 anime
651 2485 748 2530 meae
773 2467 960 2548 priorumq.
985 2485 1137 2530 meorum
1163 2467 1294 2548 largior
1316 2474 1387 2530 ter-

335 2587 443 2630 ram
466 2583 505 2628 x.
529 2531 742 2629 manentium
763 2567 822 2629 ubi
843 2556 927 2629 dicit
952 2572 999 2629 eet
1024 2565 1268 2630 warsetfelda.
1293 2576 1313 2643 7
1338 2572 1386 2630 aet

336 2666 501 2730 coftune.
518 2681 552 2728 ν.
573 2673 810 2730 cassatorum
826 2665 994 2729 tantunde
1018 2672 1065 2729 aet
1083 2665 1324 2729 wreodanbaie
1349 2665 1385 2728 id

337 2782 371 2829 v.
400 2783 598 2828 mansarum
632 2785 710 2829 oum
742 2765 832 2828 silua
857 2782 947 2848 quae
976 2765 1068 2828 eisde
1098 2764 1199 2828 terris
1225 2765 1384 2829 adiacet.

338 2865 402 2929 AEt
430 2885 507 2928 oum
535 2864 645 2945 pratis
662 2865 845 2946 pascuis.
862 2882 1029 2947 aquarum
1053 2863 1174 2927 riualis
1190 2912 1198 2929 .
1213 2865 1287 2928 sine
1313 2863 1386 2928 ullo

337 2964 516 3027 obstaculo
542 2963 823 3028 contradictionis
849 2971 1025 3045 posterum
1050 2965 1168 3026 meoru
1193 2964 1386 3046 principum

337 3063 394 3126 uel
422 3062 582 3125 ducum
571 3082 609 3124 ιιι
638 3081 738 3126 usum
765 3063 918 3145 episcopi
939 3064 1192 3143 weogernensis
1221 3063 1386 3128 ecclesiae

337 3168 487 3225 maneat.
532 3161 586 3224 Sit
610 3175 671 3224 aut
696 3169 789 3225 terra
811 3162 872 3226 illa
892 3161 1001 3225 libera
1024 3162 1068 3225 ab
1089 3163 1183 3226 omni
1206 3129 1386 3227 exactione

337 3280 456 3342 regum
478 3267 514 3324 et
535 3260 728 3343 principum
741 3269 777 3324 et
791 3261 993 3325 subditoru
983 3275 1163 3344 ipsorum.
1179 3247 1260 3344 preP
1270 3261 1387 3345 pontis

338 3368 374 3425 et
382 3361 471 3424 arcis
484 3359 736 3424 restauratione
749 3368 785 3424 et
794 3359 954 3425 hostilem
964 3361 1230 3443 expeditionem.
1281 3360 1387 3425 Anno

339 3474 400 3524 aut
417 3459 588 3523 dominice
609 3460 880 3524 incarnationis
897 3462 978 3522 noo⁰
981 3463 1103 3525 ,bxxx
1127 3460 1321 3543 conscripta
1335 3467 1389 3525 est

338 3559 422 3623 baec
437 3525 583 3623 donatio
591 3559 724 3622 telluris
739 3578 761 3622 a
774 3580 828 3622 me
843 3567 879 3624 et
893 3557 989 3624 ab
951 3561 1023 3646 epis
1038 3578 1080 3623 ac
1093 3561 1277 3644 principib3
1301 3560 1387 3623 meis

338 3679 484 3742 quorum
505 3657 596 3722 infra
610 3659 748 3722 nomina
764 3641 949 3724 adnotabo.

393 3761 433 3840 ›1‹
448 3758 529 3840 Ego
553 3756 621 3821 offa
649 3758 704 3821 dei
735 3757 826 3827 dono
852 3779 915 3822 rex
943 3755 1033 3821 hanc
1064 3777 1175 3822 meam
1201 3759 1387 3823 donatione

338 3859 438 3938 signo
453 3865 571 3921 sancte
585 3857 695 3920 crucis
710 3859 838 3921 munio.

393 3957 432 4036 ›1‹
454 3957 531 4038 Ego
552 3955 719 4040 cynebryb
742 3957 797 4020 dei
819 3957 933 4038 gratia
956 3957 1075 4040 regina
1101 3959 1192 4022 merb
1221 3957 1301 4022 huic
1326 3957 1387 4020 do-

337 4056 468 4120 nationi
483 4055 574 4138 regis
588 4056 744 4119 consensi
761 4105 768 4120 .
788 4067 807 4134 7
823 4057 1020 4140 subscripsi.

394 4156 433 4235 ›1‹
455 4155 530 4236 Ego
543 4155 763 4220 ioanberhtus
777 4154 943 4242 archieps.
