3112 5032
438 421 611 472 cunnrnn
633 423 976 472 ancnosnxourcnn.
1175 406 1240 470 175

180 579 299 660 hagan
322 578 367 640 be
392 583 514 640 eastan
539 584 639 659 porte
660 580 769 644 butan
783 579 904 644 wcalle
924 597 943 658 ]
964 578 1025 642 tar
1047 587 1085 644 to
1108 581 1237 646 feower

180 696 319 744 aeceras
343 678 454 740 meede
478 677 521 740 be
546 687 680 743 westan
706 680 745 744 ee
769 727 777 744 .
801 679 866 743 hoc
889 679 926 742 in
948 683 1132 745 aucmento
1161 699 1237 745 mo-

180 776 324 844 nasterii
346 776 410 840 tibi
436 775 544 840 &cessi
565 778 616 840 sti
638 779 765 844 andree
791 779 841 843 Ut
864 798 942 842 mea
967 779 1108 844 donatio
1124 781 1237 847 inmo·

180 877 260 943 bilis
280 883 483 961 permaneat
508 895 614 963 semp.
667 879 714 943 Et
742 879 773 942 si
800 877 877 961 quis
898 878 989 942 hanc
1023 879 1101 943 mei
1128 881 1237 945 dona-

182 978 276 1042 tione
290 995 418 1057 augere
438 975 587 1039 uoluerit
603 1023 611 1040 .
626 985 754 1060 augeat
770 978 833 1041 diis
856 977 888 1040 ei
911 976 996 1041 uitri.
1048 978 1086 1042 Si
1112 981 1190 1063 quis
1213 969 1237 1045 i

182 1085 266 1142 tunc
295 1077 449 1140 minuere
478 1075 666 1157 presiiscrlt
693 1079 740 1142 sit
775 1083 957 1161 separatus
991 1096 1013 1141 a
1048 1088 1237 1162 conspectu

184 1176 242 1240 diii
268 1175 306 1240 in
334 1175 390 1240 die
424 1173 542 1238 iudicii
570 1174 637 1240 nisi
665 1177 761 1259 prius
791 1176 1025 1242 emendauerit
1055 1186 1137 1243 ante
1163 1181 1237 1244 eius

183 1274 333 1342 transitu
347 1274 393 1356 qd
407 1274 566 1356 nequiter
580 1275 699 1354 gessit.

232 1372 327 1439 Actu
341 1373 510 1437 dominice
523 1373 769 1440 incarnationis
788 1423 795 1438 .
812 1358 959 1440 nccfiir.

239 1476 278 1556 ›1‹
296 1472 373 1553 Ego
392 1471 625 1538 ethelberhtus
647 1495 710 1539 rex
729 1475 818 1539 hanc
838 1475 914 1540 meti
932 1475 1122 1540 donatione
1139 1476 1240 1559 signo

186 1593 244 1638 sce
258 1573 369 1637 crucis
385 1572 551 1637 cfirmaui.

241 1674 280 1754 ›1‹
297 1672 374 1754 Ego
402 1672 592 1753 geanberht
621 1669 776 1760 archieps
813 1674 1045 1738 corroborari.
1105 1676 1144 1756 ›1‹
1162 1675 1240 1757 Ego

186 1768 341 1838 deora
304 1789 363 1883 eps
379 1772 594 1854 consignari.

245 1872 285 1952 ›1‹
301 1870 404 1952 signii
440 1891 564 1935 manus
601 1871 782 1938 uualhard.
845 1873 884 1952 ›1‹
904 1872 957 1957 sig
984 1890 1108 1936 manus
1136 1871 1240 1935 uban.

195 1972 234 2052 ›1‹
251 1969 304 2056 sig
325 1989 449 2035 manus
468 1970 574 2034 udan.

244 2071 283 2151 ›1‹
299 2067 352 2156 sig
366 2088 487 2134 manus
502 2069 650 2135 ealhere.
700 2072 784 2151 ›1‹
757 2091 809 2158 s1g
823 2088 946 2134 manus
962 2069 1085 2134 dudec.
1134 2072 1173 2151 ›1‹
1187 2069 1241 2154 sig

190 2187 313 2233 manus
326 2168 457 2236 wullaf.

660 2278 777 2291 —-

639 2385 792 2452 CXLV.

354 2516 377 2561 ³*
402 2516 533 2583 OFFA
557 2517 621 2582 OF
645 2516 854 2596 MERCIA,
876 2518 1068 2585 778-781.

246 2663 285 2743 ›1‹
297 2661 343 2726 IN
357 2661 496 2725 nomine
505 2658 635 2724 domini
649 2659 758 2722 nostri
770 2657 877 2723 Ihesu
889 2657 1031 2737 christi,
1047 2658 1106 2743 qui
1118 2668 1245 2725 cuncta

193 2761 332 2826 saecula
344 2761 470 2843 iugiter
484 2761 542 2843 pio
558 2757 789 2822 moderamine
802 2759 910 2840 regit!
937 2758 1085 2826 Constat
1101 2767 1245 2842 ergoet

193 2862 435 2926 incunctanter
448 2879 569 2923 uerum
584 2877 659 2922 esse
670 2865 767 2940 patet
779 2859 895 2922 omnia
909 2879 998 2940 quae
1013 2859 1068 2924 hic
1084 2860 1244 2926 humanis

194 2968 381 3026 cernuntur
394 2960 525 3023 nisibus
547 2977 639 3021 uana
660 2976 701 3021 ac
722 2958 854 3021 caduca
875 2960 1142 3042 transitoriaque
1160 2960 1245 3038 ficri,

194 3069 298 3143 atque
309 3079 450 3141 eaquae
461 3059 636 3123 hominum
647 3057 756 3120 oculis
766 3058 929 3122 uelantur
938 3078 1073 3141 semper
1083 3079 1246 3127 mansura

194 3169 231 3225 et
243 3161 318 3224 sine
332 3160 400 3222 fine
414 3158 584 3223 stabiliter
597 3156 783 3240 perdurare
796 3157 834 3221 in
848 3158 1006 3226 saecula:
1021 3160 1112 3224 unde
1127 3167 1163 3224 et
1172 3179 1248 3224 cer-

195 3261 326 3325 tissime
340 3266 461 3323 notum
481 3265 535 3322 est
549 3277 594 3322 ex
609 3255 816 3320 auctoritate
836 3258 1110 3324 testimoniorum
1131 3278 1247 3325 sacm-

195 3379 271 3424 rum
295 3359 522 3435 uoluminum,
552 3355 644 3438 quod
674 3376 751 3420 cum
777 3356 854 3420 istis
881 3356 1038 3438 fugitiuis
1064 3358 1247 3425 mundanis

196 3462 297 3524 rebus
308 3459 519 3541 sempiterna
528 3474 679 3520 mercare
691 3456 828 3539 possint
838 3456 1001 3521 coelestia
1010 3477 1127 3539 regna.
1151 3457 1249 3537 Qua·

196 3566 338 3643 propter
357 3578 423 3640 ego
440 3557 530 3634 Offa,
545 3557 659 3638 gratia
674 3555 830 3637 gratuita
845 3554 900 3620 dei
914 3555 1025 3637 patris
1039 3558 1248 3623 concedente
1272 3627 1274 3632 ,

198 3659 407 3725 Merciorum
431 3678 506 3734 rex,
528 3655 696 3718 maiorum
717 3674 870 3719 meorum
890 3656 1030 3724 imitans
1053 3658 1250 3740 exemplum

198 3758 350 3842 cogitem
365 3776 446 3840 ergo
461 3757 499 3820 in
513 3755 615 3820 corde
630 3775 707 3819 meo
721 3762 893 3837 quatenus
907 3775 952 3820 ex
966 3755 1020 3820 his
1034 3757 1179 3838 sceptris
1194 3777 1248 3822 re-

198 3860 335 3942 galibus
350 3855 532 3923 mundanis
554 3856 653 3937 regni
671 3853 843 3938 perceptis
865 3873 887 3918 a
909 3856 1086 3921 conditore
1113 3874 1154 3920 ac
1179 3856 1249 3920 lar-

199 3959 311 4041 gitore
321 3958 475 4023 omnium
485 3959 665 4033 bonorum,
676 3951 806 4038 aliquid
817 3956 975 4037 quamuis
986 3955 1099 4024 minus
1108 3955 1250 4037 dignum

199 4078 262 4142 pro
286 4057 436 4123 remedio
462 4057 598 4123 animae
620 4075 717 4122 meae
740 4062 775 4121 et
799 4074 863 4138 pro
883 4055 1105 4138 adipiscenda
1119 4057 1252 4139 premia

199 4159 357 4242 polorum
369 4158 407 4224 in
421 4177 505 4226 usus
521 4156 732 4224 monasticae
754 4155 971 4222 liberalitatis
992 4157 1168 4225 aecclesiis
1190 4157 1251 4222 do-
