3188 5032
428 453 430 457 ’
464 451 636 504 curasan
662 451 999 504 nusuosaxourcns.
1215 443 1259 506 67

207 608 431 691 redemptoris
455 607 560 672 Ihesu
584 607 725 685 Christi,
752 627 817 690 ego
840 609 1000 676 sacerdos
1027 609 1259 692 Uualdheru‘s,

206 728 269 791 pro
295 709 411 772 anima
433 727 510 773 mea
535 715 570 772 et
595 727 658 790 pro
690 708 870 773 animabus
900 727 1137 774 successorum
1163 732 1258 777 meos

206 829 295 886 rum,
309 809 352 874 de
370 808 436 872 hiis
450 827 540 892 quae
557 808 716 874 domiuus
739 809 886 890 largitus
910 815 964 872 est
986 807 1070 874 mihi
1083 811 1256 893 quandam

206 915 318 972 terrae
348 908 602 991 portiunculam
627 909 664 972 in
692 909 769 973 loco
793 907 852 992 qui
882 908 1078 990 appellatur
1105 909 1256 990 Suuelle,

205 1008 434 1091 cumpratis,
456 1008 607 1090 pascuis,
628 1007 864 1090 deriuatisque
889 1027 1057 1088 aquarum
1086 1012 1256 1090 cursibus,

204 1107 440 1174 consentiente
454 1127 535 1190 rege
545 1107 712 1185 Cenredo,
721 1107 862 1173 tradens
875 1107 1012 1174 donabo
1026 1108 1071 1174 ad
1081 1123 1255 1193 monaster

206 1208 292 1270 rium
315 1208 437 1271 beatam
455 1207 591 1274 Mariae
611 1208 756 1289 uirginis
775 1207 867 1290 quod
886 1214 1122 1274 constructum
1146 1218 1200 1276 est
1219 1213 1256 1276 in

206 1305 478 1373 Gronochommc
494 1315 530 1372 ct
543 1307 732 1374 uenerabili
745 1307 820 1372 uiro
832 1307 1013 1388 Ecguuino
1027 1309 1201 1392 episcopo,
1216 1315 1257 1376 u't

204 1426 341 1488 semper
353 1407 483 1472 babeat.
498 1415 534 1472 ct
551 1407 589 1473 in
607 1413 810 1489 perpetuum
831 1406 1018 1489 possideat.
1066 1406 1120 1472 Sit
1139 1418 1255 1475 autem

205 1507 421 1589 praedictum
433 1525 492 1570 rus
511 1508 556 1573 ab
578 1507 676 1574 omni
690 1514 846 1573 terrenae
868 1506 1045 1572 seruitutis
1065 1508 1148 1589 iugo
1170 1509 1256 1574 libe.

206 1625 294 1682 rum,
318 1607 428 1672 tribus
451 1607 617 1688 exceptis
640 1607 730 1671 arcis
753 1607 1005 1672 restauratione
1028 1613 1064 1670 et
1078 1610 1205 1689 pontis,
1220 1617 1258 1674 et

204 1705 434 1788 expeditionis
454 1707 630 1788 obsequio.
683 1707 795 1771 Facta
807 1713 861 1772 est
876 1713 992 1772 autem
1013 1704 1099 1770 hacc
1113 1707 1257 1774 donatio

205 1825 297 1870 auno
317 1805 508 1870 dominicae
527 1806 773 1872 incarnationis
793 1823 925 1870 ncevr.
941 1805 994 1872 his
1008 1806 1155 1872 testibus
1172 1829 1256 1873 con-

206 1905 434 1972 sentientibus
447 1925 593 1988 quorum
606 1906 748 1970 nomina
760 1905 902 1970 inferius
918 1913 1140 1970 caraxantur.

260 2005 300 2084 »14
318 2005 393 2088 Ego
408 2005 568 2070 sacerdos
585 2005 805 2071 Uualdherus
826 2005 1019 2089 praefatam
1033 2006 1254 2071 donationem

205 2124 282 2168 cum
305 2105 419 2186 sigillo
440 2113 582 2170 sanctae
597 2107 708 2169 crucis
729 2107 961 2188 corroboraui.
1018 2106 1057 2185 »14
1073 2106 1149 2187 Ego
1165 2106 1254 2170 Cen-

204 2204 306 2268 redus
320 2204 375 2268 dei
389 2205 479 2269 dono
496 2225 559 2269 rex
576 2191 787 2269 Marciorum
803 2206 1029 2270 corroborans
1043 2205 1254 2272 confirmaui.

115 2299 117 2306 ⁴
209 2302 343 2385 ›14Ego
357 2303 604 2368 Brictuualdus
625 2303 902 2387 archiepiscopus
923 2304 1013 2368 hanc
1035 2304 1256 2370 donationem

203 2403 412 2467 confirmans
428 2403 625 2484 subscripsi.
681 2404 721 2483 »14
736 2404 813 2486 Ego
828 2401 949 2467 Gadda
969 2404 1152 2486 episcopus
1174 2424 1255 2468 con-

204 2503 357 2566 sentiens
369 2502 566 2584 subscripsi.
616 2502 744 2584 »14Εςο
756 2503 879 2566 Hacca
891 2502 1072 2585 episcopus
1085 2505 1255 2568 consensi.

209 2604 250 2683 »14
265 2601 341 2683 Ego
358 2602 558 2684 Ecguuinus
573 2603 754 2684 episcopus
770 2603 969 2684 subscripsi.
1026 2602 1066 2681 »14
1079 2601 1157 2682 Ego
1170 2602 1256 2668 Ald-

204 2702 338 2766 helmus
361 2703 544 2785 episcopus
565 2702 735 2766 consensi.
793 2703 832 2782 »14
848 2702 924 2784 Ego
948 2700 1168 2766 Homolunch
1195 2706 1256 2768 ab-

203 2803 267 2865 bas
303 2801 501 2884 subscripsi.
557 2803 598 2883 »14
623 2801 700 2884 Ego
738 2802 893 2868 Uuectas
913 2802 1020 2866 abbas
1058 2803 1256 2886 subscripsi.

211 2903 250 2982 »14
265 2901 342 2984 Ego
357 2901 484 2967 Uuada
501 2901 746 2984 subscripsi.›1‹

676 3196 782 3260 mx.

240 3301 244 3308 ¹
364 3348 386 3390 r
411 3309 685 3412 sennanim
710 3344 774 3410 oF
799 3345 1007 3426 Murem,
1029 3349 1105 3414 ros.

246 3493 607 3574 &Aunedominicae
620 3495 868 3561 incarnationis
885 3495 1151 3576 ncc⁰v111⁰.Ego
1167 3493 1256 3557 Cen-

204 3595 319 3672 redus,
333 3613 397 3658 rex
412 3593 633 3671 Merciorum,
650 3593 801 3664 Romam
815 3595 962 3662 transire
977 3596 1175 3677 disponens,
1198 3612 1258 3656 ue-

203 3695 391 3759 nerabilem
401 3694 514 3758 uirum
525 3693 742 3776 Ecguuinum
757 3693 976 3760 Uuicciorum
986 3696 1183 3777 episcopum
1199 3693 1259 3775 qui

204 3795 304 3877 prius
313 3795 362 3859 ibi
376 3793 501 3871 suerat,
515 3793 649 3860 itineris
663 3794 731 3858 mei
739 3795 903 3858 comitem
915 3802 1020 3877 atque
1033 3793 1162 3860 laboris
1175 3811 1257 3857 con-

204 3893 397 3961 solatorem.
419 3893 520 3976 elegi,
543 3901 579 3957 et
601 3894 759 3974 eligendo
789 3895 962 3961 amicabili
988 3900 1133 3977 precatu
1159 3899 1200 3956 ut
1222 3892 1259 3955 id

203 3993 302 4058 fieret
310 3993 455 4061 obtinui.
487 3993 618 4058 Eodem
632 4012 781 4075 namque
796 4013 889 4062 anno
899 4001 1085 4076 antequam
1099 3991 1261 4061 illuditur

203 4093 444 4176 inciperemus,
458 4094 549 4157 inter
563 4094 713 4176 plurima
729 4092 875 4158 donaria
886 4093 1040 4158 concessi
1054 4092 1120 4156 sibi
1133 4099 1260 4160 terram

203 4207 239 4258 v.
256 4200 485 4273 cassatorum,
508 4213 598 4276 quae
615 4192 760 4258 Mortun
776 4195 983 4276 appellatur,
1004 4212 1082 4258 curn
1102 4192 1260 4257 omnibus

1063 4299 1077 4337 r
1093 4291 1110 4336 a
