3112 5032
337 418 403 482 210
594 430 766 478 cunnrru
789 429 1131 478 nncuosnxonroan.

339 591 473 656 auferre
488 588 572 672 quid
595 607 799 671 possumus:
823 588 948 654 iccirco
973 589 1118 653 terrenis
1136 596 1280 653 aeterna
1302 609 1393 652 mer·

339 691 451 756 canda
479 697 573 754 sunt.
626 687 847 772 Quapropter
871 709 937 772 ego
964 688 1132 772 Ecgserth
1167 709 1232 752 rex
1263 688 1391 753 Merci-

337 812 447 870 orum,
472 810 563 853 anno
585 789 695 871 primo
724 789 823 870 regni
850 790 961 853 nostri
990 810 1012 853 a
1034 790 1100 853 deo
1135 790 1303 866 concessi,
1333 810 1393 853 ro·

337 900 441 974 gatus
470 910 494 955 a
523 888 725 953 Beorhtrice
754 909 835 971 rege
861 889 1126 954 occidentalium
1148 889 1330 954 Saxonum
1354 898 1391 954 et

337 990 553 1056 ¹Athelhardo
581 989 850 1072 archiepiscopo,
876 997 1004 1054 terram
1029 993 1151 1053 xxxv,
1175 989 1392 1054 manentium

336 1092 374 1155 in
402 1093 480 1158 loco
507 1090 567 1173 qui
592 1096 743 1180 uocatur
768 1097 825 1154 aet
847 1089 1011 1154 Piertean
1034 1091 1078 1154 ab
1101 1090 1263 1154 orientali
1289 1097 1392 1173 parte

335 1192 444 1256 siluae
467 1210 557 1274 quae
588 1191 783 1272 appellatur
811 1189 964 1267 Braden,
984 1189 1117 1254 reddidi
1137 1190 1256 1255 abbati
1279 1189 1391 1254 Cutha

334 1293 479 1356 beorbto
501 1298 537 1354 et
559 1289 723 1354 fratribus
740 1291 940 1354 monasterii
962 1290 1227 1368 Maldubiensis,
1249 1311 1313 1373 pro
1335 1291 1392 1354 in-

334 1392 514 1474 dulgentia
537 1390 752 1474 piaculorum
783 1410 938 1455 meomm
962 1398 999 1455 et
1020 1411 1083 1473 pro
1110 1381 1229 1474 requie
1251 1393 1390 1454 animae

333 1493 443 1575 patris
464 1490 533 1555 mei
550 1490 665 1567 (illan,
680 1510 784 1572 quam
803 1490 863 1554 ille
884 1492 1007 1556 uiuens
1023 1491 1165 1556 abstulit
1184 1492 1229 1555 ab
1251 1491 1322 1570 eis3
1347 1511 1391 1556 ea

333 1593 465 1657 scilicet
480 1592 613 1655 ratione
633 1590 784 1654 concedo
799 1597 927 1654 terram
949 1592 1196 1673 supradictam,
1210 1599 1251 1655 ut
1265 1610 1389 1656 saecu-

331 1692 461 1757 laribus
475 1711 596 1772 regum
609 1691 759 1754 seruitiis
780 1691 888 1755 libera
906 1691 954 1754 sit
969 1691 1013 1756 ad
1027 1690 1245 1756 sentiendum
1268 1711 1389 1756 neces·

331 1792 494 1857 sitatibus
515 1790 661 1854 fratrum
675 1791 740 1854 deo
759 1791 982 1856 sentientium
996 1791 1034 1854 in
1048 1791 1225 1874 praedicto
1246 1811 1389 1856 monas-

332 1895 440 1973 teri03
465 1900 505 1956 ut
519 1892 685 1955 memoria
697 1899 817 1954 nostra
829 1892 866 1955 in
884 1891 947 1956 illo
969 1892 1046 1956 loco
1068 1899 1191 1958 sancto
1202 1893 1239 1954 in
1254 1893 1388 1956 sanctis

332 1994 547 2058 orationibus
562 1991 654 2074 apud
669 2010 728 2054 eos
744 1998 884 2056 maneat
900 1992 938 2055 in
950 1998 1168 2074 perpetuum.
1219 1991 1267 2054 Et
1280 1993 1387 2057 etiam

332 2095 440 2156 abbas
463 2101 498 2157 et
520 2091 645 2154 fratres
667 2091 819 2155 eiusdem
841 2092 1043 2156 monasterii
1065 2092 1101 2155 in
1127 2093 1387 2174 comparatione

332 2201 444 2258 terrae
457 2192 551 2257 illius
572 2190 742 2255 dederunt
755 2191 840 2255 mihi
852 2190 921 2258 duo
937 2191 1033 2259 milia
1047 2192 1234 2258 solidorum
1249 2194 1387 2274 argenti

331 2296 421 2377 puri.
473 2293 520 2356 Et
532 2291 598 2354 boc
620 2291 686 2355 feci
707 2292 944 2358 cumconsilio
967 2293 1207 2374 episcoporum
1230 2300 1265 2356 et
1287 2293 1385 2375 prin-

330 2395 445 2476 cipum
468 2410 622 2456 meorum
644 2411 789 2473 quorum
810 2387 950 2456 nomina
972 2394 1091 2457 subter
1113 2393 1265 2475 ascripta
1288 2401 1384 2458 sunt.

331 2493 378 2557 Et
391 2501 506 2558 actum
521 2499 576 2555 est
590 2511 680 2555 anno
693 2493 736 2557 ab
745 2492 985 2557 incarnatione
1000 2492 1130 2556 Christi
1144 2508 1314 2557 ncoxcvr.
1329 2494 1385 2556 in-

329 2592 480 2658 dictione
496 2594 578 2655 11111.
619 2589 817 2674 Augentem
831 2592 921 2656 hanc
936 2611 1048 2657 meam
1063 2592 1284 2658 elemosinam
1299 2593 1385 2656 deus

329 2699 511 2758 conseruet
539 2697 576 2755 ct
598 2691 798 2773 benedicat;
833 2693 1044 2758 minuentem
1074 2712 1115 2756 ac
1150 2692 1382 2773 frangentem,

329 2793 421 2875 quod
441 2813 511 2858 non
533 2798 706 2874 optamuS,
721 2813 846 2858 nomen
860 2793 934 2856 eius
948 2793 1141 2859 eradicetur
1155 2792 1198 2857 de
1214 2800 1307 2856 terra
1328 2794 1383 2856 ui·

328 2895 494 2972 nentium,
511 2899 547 2955 et
561 2911 583 2955 a
597 2893 763 2956 societate
788 2900 986 2958 sanctorum
1010 2894 1178 2976 priuetur,
1194 2893 1262 2956 nisi
1277 2893 1383 2976 digne

330 2992 575 3057 emendauerit.
1242 3006 1247 3014 ·

383 3094 423 3175 »14
438 3093 513 3174 Ego
529 3089 695 3171 Ecgferth
715 3111 778 3154 rex
801 3091 1011 3157 Merciorum
1031 3093 1120 3157 hanc
1140 3111 1251 3156 meam
1273 3090 1385 3157 dona-

329 3193 458 3256 tionem
472 3193 572 3274 signo
581 3198 722 3254 sanctae
736 3192 847 3256 crucis
863 3193 1075 3257 confirmaui.
1095 3194 1135 3275 »14
1147 3193 1223 3274 Ego
1234 3192 1384 3258 Beorht-

329 3293 377 3356 ric
400 3312 462 3356 rex
475 3290 739 3355 occidentalium
762 3291 941 3356 Saxonum
959 3294 1118 3357 consensi
1132 3300 1167 3358 et
1181 3293 1382 3376 subscripsi.

333 3394 373 3475 »14
390 3393 466 3473 Ego
482 3391 647 3471 Eadburg
671 3392 803 3473 regina.
862 3395 901 3475 »14
918 3393 995 3474 Ego
1010 3390 1244 3457 Aethelheard
1268 3393 1382 3456 archi-

328 3493 520 3576 episcopus.
578 3490 617 3570 »14
635 3490 711 3571 Ego
742 3491 968 3575 Kynebeorht
995 3493 1188 3578 episcopus
1244 3492 1284 3573 »14
1303 3493 1381 3576 Ego

329 3592 519 3656 Deneferht
550 3591 745 3672 episcopus.
809 3592 1010 3674 fflSignum
1043 3579 1166 3656 manus
1203 3589 1380 3656 Hadoredi

327 3692 490 3774 episcopi.
548 3689 747 3772 ›14Signum
771 3710 893 3754 manus
917 3692 1075 3756 Brordan
1099 3691 1277 3775 praefecti.
1335 3694 1374 3775 »14

327 3791 472 3874 Signum
486 3809 609 3855 manus
624 3790 729 3854 Esne.
787 3793 825 3873 »14
841 3791 985 3874 Signum
999 3812 1122 3855 manus
1138 3792 1291 3873 Lulling.
1334 3792 1374 3873 »14

327 3891 472 3973 Signum
501 3909 624 3955 manus
647 3889 780 3954 Eadulf
804 3891 969 3975 episcopi.
1016 3894 1067 3974 »14
1081 3891 1225 3974 Signum
1255 3911 1379 3955 manus

327 3986 574 4055 Acthelmundi
587 3990 763 4073 praefecti.
806 3992 845 4072 »14
860 3991 1005 4075 Signum
1022 4013 1145 4058 manus
1161 3992 1377 4058 Ceolrnundi.

332 4089 371 4170 »14
386 4090 529 4173 Signum
544 4107 667 4154 manus
683 4090 874 4172 Uuigferbi.
