3134 5030
306 384 372 450 280
560 397 733 445 cunarum
757 395 1096 446 nucmssxourcnr.

758 600 917 667 CCXX.

652 774 917 853 WULFRED,
940 773 1016 838 825.

367 954 407 1035 ›1‹
423 950 532 1017 Auno
547 943 570 1014 ir
584 950 775 1016 dominicae
801 941 959 1012 incarna‘i
976 951 1193 1011 ‚ccccxxv⁸.
1219 939 1339 1010 Indici
1356 995 1363 1010 .

311 1053 379 1115 111⁸.
394 1051 436 1116 de
450 1051 596 1116 diuersis
610 1050 777 1115 saxoniae
788 1048 915 1132 partib:
941 1047 1183 1129 congregatiie
1198 1045 1367 1128 synodale

311 1151 459 1215 conciliii
473 1153 510 1215 in
523 1152 600 1216 loco
618 1147 734 1237 pclaro
749 1167 827 1232 quae
845 1148 1040 1212 nominatur
1055 1152 1112 1210 aet
1125 1144 1339 1209 clofesboum
1357 1193 1365 1210 .

311 1250 527 1332 praesidente
539 1250 563 1314 i
577 1250 657 1314 huic
670 1247 858 1314 uenerabili
872 1246 1016 1310 concilio
1031 1244 1189 1310 uulsredo
1199 1245 1365 1327 aicepisd.

312 1368 425 1414 anuo.
442 1353 524 1415 xx0.
536 1350 756 1434 episcopatus
772 1347 826 1411 sui
842 1394 849 1410 .
865 1365 926 1409 seu
941 1346 1045 1409 etiam
1062 1344 1274 1409 Beornuulfo
1290 1346 1367 1426 regi

312 1451 416 1513 meri.
429 1468 522 1514 anno
537 1498 544 1511 .
561 1468 624 1514 111.
640 1448 738 1531 regni
757 1447 832 1511 eius
849 1445 1041 1526 .caeterisq:
1062 1444 1233 1528 episcopis
1249 1452 1286 1510 et
1303 1446 1365 1508 ab·

312 1537 419 1613 batib:
453 1570 586 1614 necnon
608 1556 644 1613 et
665 1548 778 1612 ducib:
804 1545 955 1628 omnifiq:
979 1543 1188 1628 dignitatum
1216 1545 1366 1626 optima-

313 1647 373 1713 tib:
389 1648 663 1714 ecclesiasticarii
678 1648 735 1711 uel
749 1646 930 1710 saeculariii
947 1663 1133 1727 personum
1152 1691 1160 1708 .
1177 1644 1366 1707 ecclesiarii

312 1745 347 1809 di
372 1747 557 1812 utilitatem
586 1755 623 1812 et
650 1748 854 1811 necessitate
883 1751 1087 1835 tractantes·
1104 1751 1175 1826 atq:
1205 1750 1366 1807 scrutan-

312 1854 365 1909 tes
389 1894 395 1908 .
419 1847 706 1928 monasterialisq:
738 1847 832 1910 uitae
866 1846 1022 1926 regulam
1050 1853 1085 1908 et
1109 1842 1332 1907 obseruantia
1358 1892 1366 1906 .

311 1964 372 2008 seu
386 1946 490 2010 etiam
506 1947 774 2029 generositatem
791 1946 1049 2027 stabilitatemq:
1068 1941 1167 2025 regni
1191 1944 1366 2007 terrestris

310 2045 531 2109 consiliantes
561 2047 600 2110 ac
622 2053 829 2129 quaerentes.
871 2045 1025 2110 Interea
1046 2045 1150 2108 etiam
1173 2045 1216 2107 ab
1234 2042 1364 2107 omnibt

312 2143 382 2208 illio
397 2145 433 2206 in
448 2145 567 2209 eadem
583 2145 722 2232 synodo
735 2144 933 2209 residentib:
951 2145 1156 2208 trutinatum
1178 2163 1219 2207 ac
1238 2144 1366 2225 quaesi·

309 2250 386 2320 ‚tum
401 2243 522 2310 fuerat.
560 2244 648 2324 Quis
661 2265 739 2309 cum
751 2245 885 2309 iustitia
899 2251 935 2308 et
948 2244 1122 2327 aequitate
1139 2251 1366 2307 conseruatus

312 2343 444 2408 fuisset.
498 2344 585 2422 Quis
606 2344 630 2407 r
654 2364 731 2408 cum
755 2345 926 2408 iniustitia
942 2350 977 2407 et
996 2343 1162 2407 uiolentia
1183 2342 1365 2406 fraudatus

313 2442 552 2526 dispoliatusq:
586 2445 622 2507 in
651 2463 716 2508 sua
737 2464 886 2527 persona
912 2444 1044 2507 ficret.¹
1072 2442 1304 2507 Tantumdem
1328 2445 1366 2505 u⁰

311 2543 403 2606 inter
431 2543 540 2606 aliarii
571 2544 782 2608 allocutionii
810 2545 917 2607 uerba
951 2542 1126 2626 patefactii
1157 2549 1210 2606 est
1238 2555 1258 2605 .'
1271 2543 1366 2625 quod

313 2641 488 2723 praefatus
511 2644 663 2726 ardepisd
691 2643 869 2707 uulfredus
897 2663 959 2725 per
987 2642 1201 2707 inimicitiam
1226 2649 1262 2706 et
1288 2642 1366 2706 uio·

312 2741 453 2806 lentiam
479 2744 694 2826 auaritiamq:
719 2742 897 2808 coenwulfi
919 2744 1010 2824 regis
1028 2742 1124 2806 ‚siue
1139 2761 1227 2825 quae
1249 2741 1305 2805 bic
1327 2742 1365 2805 in

206 2831 210 2838 ’
313 2841 374 2904 nia
397 2843 500 2928 ppria
525 2850 628 2924 gente
653 2857 793 2926 peracta
815 2850 897 2906 sunt
915 2891 922 2906 .
939 2861 1000 2906 seu
1025 2843 1128 2906 etiam
1155 2842 1248 2905 ultra
1270 2860 1366 2904 mare

313 2941 356 3003 ad
379 2940 474 3004 illam
502 2941 691 3024 apostolici
716 2943 830 3006 sedem
857 2962 919 3024 per
942 2943 1015 3005 eius
1041 2942 1226 3006 iussionem
1248 2947 1285 3004 et
1310 2941 1364 3004 in-

312 3039 474 3105 missione
499 3042 617 3106 adlata
639 3048 731 3106 sunt.
784 3042 866 3105 Hoc
886 3052 904 3094 ÷
926 3044 963 3104 u⁰
986 3041 1078 3124 quod
1103 3043 1140 3106 in
1165 3040 1364 3105 testimonio

307 3141 419 3214 *totius
429 3142 549 3224 populi
561 3143 654 3205 omni
668 3141 899 3206 dominatione
909 3142 1012 3228 ppria
1022 3143 1178 3223 priuatus
1192 3162 1208 3206 e
1224 3139 1290 3203 lin
1308 3139 1364 3203 his

313 3239 428 3303 liberis
448 3229 664 3312 monasteriis
679 3247 737 3306 aet
751 3238 965 3324 submynstre
978 3264 1002 3333 7
1017 3247 1064 3304 aet
1078 3240 1218 3304 raeculfo
1233 3240 1362 3304 omnib:

312 3341 413 3404 rebus
430 3340 469 3403 ac
494 3341 738 3423 possessionib:
763 3360 840 3423 quae
870 3341 914 3404 ad
938 3341 1017 3405 illos
1042 3341 1260 3422 pertinebant
1277 3359 1365 3404 ,cum

312 3440 479 3504 uiolentia
501 3442 747 3523 aorapacitate
766 3440 918 3504 eiusdem
935 3437 1039 3527 'platee
1054 3440 1146 3522 regis
1158 3439 1365 3522 dispoliatus

311 3546 374 3602 est.
428 3539 504 3603 Nec
525 3540 583 3603 ille
605 3541 700 3604 solus
717 3541 903 3622 episcopus
925 3540 978 3604 bis
1000 3540 1112 3621 aliisq:
1136 3540 1206 3603 reb:
1223 3538 1365 3621 perplu-

312 3638 406 3702 rimis
430 3639 657 3704 inbonoratus
684 3639 806 3703 fuisset
832 3688 840 3703 .
866 3638 926 3704 sed
947 3659 1010 3722 per
1037 3639 1157 3704 eadem
1184 3637 1364 3721 supradic-

302 3744 366 3801 -tas
380 3741 634 3804 accussationes
655 3746 689 3803 et
710 3739 898 3803 discordias
926 3746 1001 3803 tota
1026 3758 1112 3821 gens
1136 3738 1282 3820 anglorir
1295 3755 1363 3802 Νι.

311 3837 416 3914 ferme
439 3841 572 3903 annorii
585 3839 755 3904 curricula
774 3858 838 3902 sua
859 3837 1070 3922 primordiali
1083 3839 1289 3904 auctoritate
1304 3843 1362 3900 sa-

311 3956 413 4018 craeq:
437 3936 654 4020 baptismatis
677 3939 866 4002 ministerio
889 3938 1027 4021 priuata
1049 3947 1076 4003 1.
1100 3946 1222 4020 postea
1254 3937 1361 4001 etiam

309 4036 367 4098 ille
381 4034 516 4122 pdictus
528 4058 590 4100 rex
605 4038 861 4102 coenwulfcum
875 4039 946 4101 suis
957 4039 1138 4120 sapientia:
1153 4037 1196 4101 ad
1208 4036 1362 4118 regalem

310 4134 428 4198 uillam
451 4137 623 4202 lundoniae
648 4139 850 4221 perueniens
876 4138 920 4201 ad
944 4137 1009 4203 boo
1032 4138 1185 4220 eodemq:
1213 4137 1362 4201 concilifi
