<?xml version="1.0" encoding="UTF-8"?>
<!DOCTYPE html PUBLIC "-//W3C//DTD XHTML 1.0 Transitional//EN"
    "http://www.w3.org/TR/xhtml1/DTD/xhtml1-transitional.dtd">
<html xmlns="http://www.w3.org/1999/xhtml" xml:lang="en" lang="en">
 <head>
  <title>
</title>
<meta http-equiv="Content-Type" content="text/html;charset=utf-8" />
  <meta name='ocr-system' content='tesseract 3.04.00' />
  <meta name='ocr-capabilities' content='ocr_page ocr_carea ocr_par ocr_line ocrx_word'/>
</head>
<body>
  <div class='ocr_page' id='page_1' title='image "./codexdiplomatic04kembgoog_0318.png"; bbox 0 0 3112 5032; ppageno 0'>
   <div class='ocr_carea' id='block_1_1' title="bbox 468 383 1266 448">
    <p class='ocr_par' dir='ltr' id='par_1_1' title="bbox 468 383 1266 448">
     <span class='ocr_line' id='line_1_1' title="bbox 468 383 1266 448; baseline 0.013 -10"><span class='ocrx_word' id='word_1_1' title='bbox 468 388 640 438; x_wconf 77' lang='lat' dir='ltr'><strong>cunnrnn</strong></span> <span class='ocrx_word' id='word_1_2' title='bbox 663 389 1004 443; x_wconf 71' lang='lat' dir='ltr'><strong>nuceosnxomcnu.</strong></span> <span class='ocrx_word' id='word_1_3' title='bbox 1200 383 1266 448; x_wconf 83' lang='lat'><strong>167</strong></span> 
     </span>
    </p>
   </div>
   <div class='ocr_carea' id='block_1_2' title="bbox 173 546 962 1225">
    <p class='ocr_par' dir='ltr' id='par_1_2' title="bbox 264 546 783 636">
     <span class='ocr_line' id='line_1_2' title="bbox 264 546 783 636; baseline 0.008 -27"><span class='ocrx_word' id='word_1_4' title='bbox 264 550 303 629; x_wconf 77' lang='lat'><strong>›1‹</strong></span> <span class='ocrx_word' id='word_1_5' title='bbox 325 548 400 629; x_wconf 87' lang='lat' dir='ltr'><strong>Ego</strong></span> <span class='ocrx_word' id='word_1_6' title='bbox 416 547 622 612; x_wconf 80' lang='lat' dir='ltr'><strong>eadberhtus</strong></span> <span class='ocrx_word' id='word_1_7' title='bbox 638 546 783 636; x_wconf 67' lang='lat' dir='ltr'><strong>episcbs.</strong></span> 
     </span>
    </p>

    <p class='ocr_par' dir='ltr' id='par_1_3' title="bbox 262 644 701 734">
     <span class='ocr_line' id='line_1_3' title="bbox 262 644 701 734; baseline 0.005 -24"><span class='ocrx_word' id='word_1_8' title='bbox 262 649 301 729; x_wconf 54' lang='grc' dir='ltr'><strong>’ᾖ</strong></span> <span class='ocrx_word' id='word_1_9' title='bbox 323 648 399 729; x_wconf 89' lang='lat' dir='ltr'><strong>Ego</strong></span> <span class='ocrx_word' id='word_1_10' title='bbox 416 647 616 718; x_wconf 82' lang='lat' dir='ltr'><strong>ceolwulfus</strong></span> <span class='ocrx_word' id='word_1_11' title='bbox 631 644 701 734; x_wconf 68' lang='lat' dir='ltr'><strong>eps.</strong></span> 
     </span>
    </p>

    <p class='ocr_par' dir='ltr' id='par_1_4' title="bbox 261 744 641 834">
     <span class='ocr_line' id='line_1_4' title="bbox 261 744 641 834; baseline 0.003 -25"><span class='ocrx_word' id='word_1_12' title='bbox 261 750 301 829; x_wconf 71' lang='lat'><strong>›1‹</strong></span> <span class='ocrx_word' id='word_1_13' title='bbox 321 747 398 829; x_wconf 87' lang='lat' dir='ltr'><strong>Ego</strong></span> <span class='ocrx_word' id='word_1_14' title='bbox 412 747 556 810; x_wconf 84' lang='lat' dir='ltr'><strong>tilherus</strong></span> <span class='ocrx_word' id='word_1_15' title='bbox 571 744 641 834; x_wconf 69' lang='lat' dir='ltr'><strong>eps.</strong></span> 
     </span>
    </p>

    <p class='ocr_par' dir='ltr' id='par_1_5' title="bbox 173 844 962 1225">
     <span class='ocr_line' id='line_1_5' title="bbox 261 844 953 930; baseline 0.006 -21"><span class='ocrx_word' id='word_1_16' title='bbox 261 848 300 927; x_wconf 77' lang='lat'><strong>›1‹</strong></span> <span class='ocrx_word' id='word_1_17' title='bbox 320 846 464 928; x_wconf 77' lang='lat' dir='ltr'><strong>Signum</strong></span> <span class='ocrx_word' id='word_1_18' title='bbox 478 865 599 909; x_wconf 89' lang='lat' dir='ltr'><strong>manus</strong></span> <span class='ocrx_word' id='word_1_19' title='bbox 613 844 762 909; x_wconf 83' lang='lat' dir='ltr'><strong>brordan</strong></span> <span class='ocrx_word' id='word_1_20' title='bbox 777 845 953 930; x_wconf 89' lang='lat' dir='ltr'><strong>principis.</strong></span> 
     </span>
     <span class='ocr_line' id='line_1_6' title="bbox 173 944 923 1026; baseline 0.004 -18"><span class='ocrx_word' id='word_1_21' title='bbox 173 955 176 966; x_wconf 90' lang='grc'><strong>’</strong></span> <span class='ocrx_word' id='word_1_22' title='bbox 260 946 299 1025; x_wconf 77' lang='lat'><strong>›1‹</strong></span> <span class='ocrx_word' id='word_1_23' title='bbox 318 945 463 1026; x_wconf 81' lang='lat' dir='ltr'><strong>Signum</strong></span> <span class='ocrx_word' id='word_1_24' title='bbox 479 963 602 1009; x_wconf 92' lang='lat' dir='ltr'><strong>manus</strong></span> <span class='ocrx_word' id='word_1_25' title='bbox 616 944 800 1008; x_wconf 87' lang='lat' dir='ltr'><strong>berhtuudi</strong></span> <span class='ocrx_word' id='word_1_26' title='bbox 814 944 923 1011; x_wconf 91' lang='lat' dir='ltr'><strong>ducis.</strong></span> 
     </span>
     <span class='ocr_line' id='line_1_7' title="bbox 260 1044 962 1130; baseline 0.004 -23"><span class='ocrx_word' id='word_1_27' title='bbox 260 1047 298 1125; x_wconf 74' lang='lat'><strong>›1‹</strong></span> <span class='ocrx_word' id='word_1_28' title='bbox 317 1044 462 1125; x_wconf 77' lang='lat' dir='ltr'><strong>Signum</strong></span> <span class='ocrx_word' id='word_1_29' title='bbox 477 1063 599 1106; x_wconf 88' lang='lat' dir='ltr'><strong>manus</strong></span> <span class='ocrx_word' id='word_1_30' title='bbox 613 1044 771 1107; x_wconf 83' lang='lat' dir='ltr'><strong>eadbaldi</strong></span> <span class='ocrx_word' id='word_1_31' title='bbox 787 1045 962 1130; x_wconf 89' lang='lat' dir='ltr'><strong>principis.</strong></span> 
     </span>
     <span class='ocr_line' id='line_1_8' title="bbox 259 1143 895 1225; baseline 0.002 -18"><span class='ocrx_word' id='word_1_32' title='bbox 259 1145 298 1224; x_wconf 77' lang='lat'><strong>›1‹</strong></span> <span class='ocrx_word' id='word_1_33' title='bbox 319 1144 464 1225; x_wconf 89' lang='lat' dir='ltr'><strong>Signum</strong></span> <span class='ocrx_word' id='word_1_34' title='bbox 478 1161 600 1207; x_wconf 89' lang='lat' dir='ltr'><strong>manus</strong></span> <span class='ocrx_word' id='word_1_35' title='bbox 615 1143 773 1208; x_wconf 88' lang='lat' dir='ltr'><strong>eadbaldi</strong></span> <span class='ocrx_word' id='word_1_36' title='bbox 787 1143 895 1208; x_wconf 90' lang='lat' dir='ltr'><strong>ducis.</strong></span> 
     </span>
    </p>
   </div>
   <div class='ocr_carea' id='block_1_3' title="bbox 655 1315 795 1328">
    <p class='ocr_par' dir='ltr' id='par_1_6' title="bbox 655 1315 795 1328">
     <span class='ocr_line' id='line_1_9' title="bbox 655 1315 795 1328; baseline 0 -2"><span class='ocrx_word' id='word_1_37' title='bbox 655 1315 795 1328; x_wconf 72' lang='lat'><strong>—</strong></span> 
     </span>
    </p>
   </div>
   <div class='ocr_carea' id='block_1_4' title="bbox 478 1434 974 1665">
    <p class='ocr_par' dir='ltr' id='par_1_7' title="bbox 478 1434 974 1665">
     <span class='ocr_line' id='line_1_10' title="bbox 612 1434 911 1501; baseline 0.003 -2"><span class='ocrx_word' id='word_1_38' title='bbox 612 1434 847 1501; x_wconf 86' lang='lat' dir='ltr'>CXXXIX.</span> <span class='ocrx_word' id='word_1_39' title='bbox 910 1497 911 1500; x_wconf 74' lang='grc'>,</span> 
     </span>
     <span class='ocr_line' id='line_1_11' title="bbox 478 1580 974 1665; baseline 0.006 -20"><span class='ocrx_word' id='word_1_40' title='bbox 478 1584 500 1626; x_wconf 83' lang='lat'><em>*</em></span> <span class='ocrx_word' id='word_1_41' title='bbox 526 1580 669 1662; x_wconf 88' lang='lat' dir='ltr'><strong>OFFA,</strong></span> <span class='ocrx_word' id='word_1_42' title='bbox 693 1583 788 1665; x_wconf 84' lang='lat' dir='ltr'><strong>Sept.</strong></span> <span class='ocrx_word' id='word_1_43' title='bbox 804 1582 883 1662; x_wconf 69' lang='lat' dir='ltr'><strong>aad,</strong></span> <span class='ocrx_word' id='word_1_44' title='bbox 897 1582 974 1648; x_wconf 83' lang='lat'><strong>780.</strong></span> 
     </span>
    </p>
   </div>
   <div class='ocr_carea' id='block_1_5' title="bbox 185 1729 1252 4000">
    <p class='ocr_par' dir='ltr' id='par_1_8' title="bbox 185 1729 1252 4000">
     <span class='ocr_line' id='line_1_12' title="bbox 248 1729 1252 1812; baseline 0.009 -19"><span class='ocrx_word' id='word_1_45' title='bbox 248 1734 295 1812; x_wconf 71' lang='lat'><strong>›1‹</strong></span> <span class='ocrx_word' id='word_1_46' title='bbox 317 1729 362 1793; x_wconf 83' lang='grc' dir='ltr'><strong>ΙΝ</strong></span> <span class='ocrx_word' id='word_1_47' title='bbox 393 1731 529 1794; x_wconf 91' lang='lat' dir='ltr'><strong>nomine</strong></span> <span class='ocrx_word' id='word_1_48' title='bbox 558 1730 802 1812; x_wconf 86' lang='lat' dir='ltr'><strong>omnipotentis</strong></span> <span class='ocrx_word' id='word_1_49' title='bbox 830 1730 886 1794; x_wconf 91' lang='lat' dir='ltr'><strong>dei</strong></span> <span class='ocrx_word' id='word_1_50' title='bbox 917 1739 953 1796; x_wconf 90' lang='lat' dir='ltr'><strong>et</strong></span> <span class='ocrx_word' id='word_1_51' title='bbox 981 1733 1110 1798; x_wconf 91' lang='lat' dir='ltr'><strong>domini</strong></span> <span class='ocrx_word' id='word_1_52' title='bbox 1141 1738 1252 1802; x_wconf 87' lang='lat' dir='ltr'><strong>nostri</strong></span> 
     </span>
     <span class='ocr_line' id='line_1_13' title="bbox 203 1827 1249 1917; baseline 0.007 -25"><span class='ocrx_word' id='word_1_53' title='bbox 203 1829 307 1912; x_wconf 78' lang='lat' dir='ltr'><strong>Ihesu</strong></span> <span class='ocrx_word' id='word_1_54' title='bbox 323 1827 464 1908; x_wconf 87' lang='lat' dir='ltr'><strong>Christi,</strong></span> <span class='ocrx_word' id='word_1_55' title='bbox 478 1829 538 1912; x_wconf 94' lang='lat' dir='ltr'><strong>qui</strong></span> <span class='ocrx_word' id='word_1_56' title='bbox 551 1829 640 1894; x_wconf 91' lang='lat' dir='ltr'><strong>uiuit</strong></span> <span class='ocrx_word' id='word_1_57' title='bbox 652 1831 689 1893; x_wconf 92' lang='lat' dir='ltr'><strong>in</strong></span> <span class='ocrx_word' id='word_1_58' title='bbox 704 1829 864 1900; x_wconf 85' lang='lat' dir='ltr'><strong>saecula!</strong></span> <span class='ocrx_word' id='word_1_59' title='bbox 907 1831 983 1912; x_wconf 90' lang='lat' dir='ltr'><strong>Ego</strong></span> <span class='ocrx_word' id='word_1_60' title='bbox 996 1831 1087 1912; x_wconf 81' lang='lat' dir='ltr'><strong>Offa,</strong></span> <span class='ocrx_word' id='word_1_61' title='bbox 1101 1835 1157 1898; x_wconf 92' lang='lat' dir='ltr'><strong>dei</strong></span> <span class='ocrx_word' id='word_1_62' title='bbox 1169 1856 1249 1917; x_wconf 86' lang='lat' dir='ltr'><strong>gra-</strong></span> 
     </span>
     <span class='ocr_line' id='line_1_14' title="bbox 200 1928 1249 2012; baseline 0.007 -18"><span class='ocrx_word' id='word_1_63' title='bbox 200 1928 567 2007; x_wconf 64' lang='lat' dir='ltr'><strong>accomodatam</strong></span> <span class='ocrx_word' id='word_1_64' title='bbox 587 1928 797 1993; x_wconf 90' lang='lat' dir='ltr'><strong>Merciorum</strong></span> <span class='ocrx_word' id='word_1_65' title='bbox 819 1929 989 2012; x_wconf 92' lang='lat' dir='ltr'><strong>simulque</strong></span> <span class='ocrx_word' id='word_1_66' title='bbox 1013 1934 1191 1998; x_wconf 89' lang='lat' dir='ltr'><strong>nationum</strong></span> <span class='ocrx_word' id='word_1_67' title='bbox 1213 1937 1249 2002; x_wconf 92' lang='lat' dir='ltr'><strong>in</strong></span> 
     </span>
     <span class='ocr_line' id='line_1_15' title="bbox 199 2029 1248 2113; baseline 0.006 -20"><span class='ocrx_word' id='word_1_68' title='bbox 199 2029 355 2105; x_wconf 89' lang='lat' dir='ltr'><strong>circuitu,</strong></span> <span class='ocrx_word' id='word_1_69' title='bbox 370 2029 481 2092; x_wconf 91' lang='lat' dir='ltr'><strong>sciens</strong></span> <span class='ocrx_word' id='word_1_70' title='bbox 501 2035 606 2106; x_wconf 89' lang='lat' dir='ltr'><strong>certe,</strong></span> <span class='ocrx_word' id='word_1_71' title='bbox 619 2030 710 2111; x_wconf 92' lang='lat' dir='ltr'><strong>quod</strong></span> <span class='ocrx_word' id='word_1_72' title='bbox 734 2035 860 2094; x_wconf 92' lang='lat' dir='ltr'><strong>cuncta</strong></span> <span class='ocrx_word' id='word_1_73' title='bbox 878 2051 968 2113; x_wconf 89' lang='lat' dir='ltr'><strong>quae</strong></span> <span class='ocrx_word' id='word_1_74' title='bbox 985 2031 1144 2097; x_wconf 89' lang='lat' dir='ltr'><strong>humanis</strong></span> <span class='ocrx_word' id='word_1_75' title='bbox 1165 2055 1248 2099; x_wconf 92' lang='lat' dir='ltr'><strong>con-</strong></span> 
     </span>
     <span class='ocr_line' id='line_1_16' title="bbox 198 2129 1248 2217; baseline 0.009 -27"><span class='ocrx_word' id='word_1_76' title='bbox 198 2129 388 2210; x_wconf 86' lang='lat' dir='ltr'><strong>spiciuntur</strong></span> <span class='ocrx_word' id='word_1_77' title='bbox 405 2129 584 2210; x_wconf 89' lang='lat' dir='ltr'><strong>optutibus</strong></span> <span class='ocrx_word' id='word_1_78' title='bbox 604 2131 805 2194; x_wconf 87' lang='lat' dir='ltr'><strong>transitoria</strong></span> <span class='ocrx_word' id='word_1_79' title='bbox 826 2148 913 2207; x_wconf 90' lang='lat' dir='ltr'><strong>esse,</strong></span> <span class='ocrx_word' id='word_1_80' title='bbox 935 2139 971 2196; x_wconf 89' lang='lat' dir='ltr'><strong>et</strong></span> <span class='ocrx_word' id='word_1_81' title='bbox 989 2152 1079 2214; x_wconf 85' lang='lat' dir='ltr'><strong>quae</strong></span> <span class='ocrx_word' id='word_1_82' title='bbox 1095 2136 1248 2217; x_wconf 84' lang='lat' dir='ltr'><strong>conspici</strong></span> 
     </span>
     <span class='ocr_line' id='line_1_17' title="bbox 199 2227 1246 2310; baseline 0.008 -20"><span class='ocrx_word' id='word_1_83' title='bbox 199 2247 267 2292; x_wconf 91' lang='lat' dir='ltr'><strong>non</strong></span> <span class='ocrx_word' id='word_1_84' title='bbox 288 2243 435 2308; x_wconf 80' lang='lat' dir='ltr'><strong>possunt</strong></span> <span class='ocrx_word' id='word_1_85' title='bbox 449 2236 590 2293; x_wconf 90' lang='lat' dir='ltr'><strong>aeterna</strong></span> <span class='ocrx_word' id='word_1_86' title='bbox 606 2229 692 2306; x_wconf 90' lang='lat' dir='ltr'><strong>fieri,</strong></span> <span class='ocrx_word' id='word_1_87' title='bbox 704 2237 740 2293; x_wconf 91' lang='lat' dir='ltr'><strong>et</strong></span> <span class='ocrx_word' id='word_1_88' title='bbox 755 2227 846 2310; x_wconf 93' lang='lat' dir='ltr'><strong>quod</strong></span> <span class='ocrx_word' id='word_1_89' title='bbox 869 2248 946 2292; x_wconf 91' lang='lat' dir='ltr'><strong>cum</strong></span> <span class='ocrx_word' id='word_1_90' title='bbox 963 2230 1017 2294; x_wconf 92' lang='lat' dir='ltr'><strong>his</strong></span> <span class='ocrx_word' id='word_1_91' title='bbox 1039 2233 1246 2301; x_wconf 84' lang='lat' dir='ltr'><strong>transitoriis</strong></span> 
     </span>
     <span class='ocr_line' id='line_1_18' title="bbox 197 2327 1245 2410; baseline 0.006 -20"><span class='ocrx_word' id='word_1_92' title='bbox 197 2335 338 2392; x_wconf 89' lang='lat' dir='ltr'><strong>aeterna</strong></span> <span class='ocrx_word' id='word_1_93' title='bbox 351 2329 495 2392; x_wconf 88' lang='lat' dir='ltr'><strong>mercari</strong></span> <span class='ocrx_word' id='word_1_94' title='bbox 511 2335 669 2410; x_wconf 88' lang='lat' dir='ltr'><strong>possunt.</strong></span> <span class='ocrx_word' id='word_1_95' title='bbox 721 2327 874 2409; x_wconf 88' lang='lat' dir='ltr'><strong>Ideoque</strong></span> <span class='ocrx_word' id='word_1_96' title='bbox 892 2349 955 2410; x_wconf 92' lang='lat' dir='ltr'><strong>pro</strong></span> <span class='ocrx_word' id='word_1_97' title='bbox 977 2349 1054 2394; x_wconf 88' lang='lat' dir='ltr'><strong>mea</strong></span> <span class='ocrx_word' id='word_1_98' title='bbox 1074 2351 1245 2396; x_wconf 91' lang='lat' dir='ltr'><strong>meorum-</strong></span> 
     </span>
     <span class='ocr_line' id='line_1_19' title="bbox 196 2427 1245 2510; baseline 0.008 -22"><span class='ocrx_word' id='word_1_99' title='bbox 196 2446 262 2507; x_wconf 90' lang='lat' dir='ltr'><strong>que</strong></span> <span class='ocrx_word' id='word_1_100' title='bbox 276 2428 545 2509; x_wconf 86' lang='lat' dir='ltr'><strong>propinquorum</strong></span> <span class='ocrx_word' id='word_1_101' title='bbox 555 2433 721 2510; x_wconf 88' lang='lat' dir='ltr'><strong>perpetua</strong></span> <span class='ocrx_word' id='word_1_102' title='bbox 736 2427 871 2491; x_wconf 92' lang='lat' dir='ltr'><strong>animae</strong></span> <span class='ocrx_word' id='word_1_103' title='bbox 885 2429 1009 2506; x_wconf 90' lang='lat' dir='ltr'><strong>salute,</strong></span> <span class='ocrx_word' id='word_1_104' title='bbox 1021 2429 1111 2493; x_wconf 88' lang='lat' dir='ltr'><strong>dabo</strong></span> <span class='ocrx_word' id='word_1_105' title='bbox 1124 2431 1245 2496; x_wconf 85' lang='lat' dir='ltr'><strong>libenti</strong></span> 
     </span>
     <span class='ocr_line' id='line_1_20' title="bbox 196 2525 1241 2609; baseline 0.008 -22"><span class='ocrx_word' id='word_1_106' title='bbox 196 2526 309 2591; x_wconf 76' lang='lat' dir='ltr'><strong>anImo</strong></span> <span class='ocrx_word' id='word_1_107' title='bbox 329 2526 373 2590; x_wconf 90' lang='lat' dir='ltr'><strong>ad</strong></span> <span class='ocrx_word' id='word_1_108' title='bbox 390 2527 620 2609; x_wconf 89' lang='lat' dir='ltr'><strong>episcopalem</strong></span> <span class='ocrx_word' id='word_1_109' title='bbox 639 2527 754 2590; x_wconf 87' lang='lat' dir='ltr'><strong>sedern</strong></span> <span class='ocrx_word' id='word_1_110' title='bbox 773 2525 1092 2607; x_wconf 86' lang='lat' dir='ltr'><strong>Uulgoroestrensis</strong></span> <span class='ocrx_word' id='word_1_111' title='bbox 1110 2531 1241 2595; x_wconf 90' lang='lat' dir='ltr'><strong>aeccle-</strong></span> 
     </span>
     <span class='ocr_line' id='line_1_21' title="bbox 194 2625 1243 2710; baseline 0.008 -24"><span class='ocrx_word' id='word_1_112' title='bbox 194 2625 278 2704; x_wconf 86' lang='lat' dir='ltr'><strong>siae,</strong></span> <span class='ocrx_word' id='word_1_113' title='bbox 308 2625 473 2707; x_wconf 86' lang='lat' dir='ltr'><strong>petitione</strong></span> <span class='ocrx_word' id='word_1_114' title='bbox 501 2626 707 2690; x_wconf 87' lang='lat' dir='ltr'><strong>uenerabilis</strong></span> <span class='ocrx_word' id='word_1_115' title='bbox 745 2626 897 2707; x_wconf 88' lang='lat' dir='ltr'><strong>episcopi</strong></span> <span class='ocrx_word' id='word_1_116' title='bbox 921 2626 1065 2691; x_wconf 86' lang='lat' dir='ltr'><strong>Tillheri</strong></span> <span class='ocrx_word' id='word_1_117' title='bbox 1091 2629 1243 2710; x_wconf 85' lang='lat' dir='ltr'><strong>regalem</strong></span> 
     </span>
     <span class='ocr_line' id='line_1_22' title="bbox 193 2724 1239 2808; baseline 0.007 -22"><span class='ocrx_word' id='word_1_118' title='bbox 193 2724 320 2801; x_wconf 74' lang='lat' dir='ltr'><strong>lucum,</strong></span> <span class='ocrx_word' id='word_1_119' title='bbox 332 2724 596 2807; x_wconf 89' lang='lat' dir='ltr'><strong>Groppanthom</strong></span> <span class='ocrx_word' id='word_1_120' title='bbox 610 2724 834 2801; x_wconf 87' lang='lat' dir='ltr'><strong>nominatum,</strong></span> <span class='ocrx_word' id='word_1_121' title='bbox 848 2743 954 2806; x_wconf 88' lang='lat' dir='ltr'><strong>supra</strong></span> <span class='ocrx_word' id='word_1_122' title='bbox 964 2727 1074 2808; x_wconf 88' lang='lat' dir='ltr'><strong>ripam</strong></span> <span class='ocrx_word' id='word_1_123' title='bbox 1089 2727 1239 2794; x_wconf 89' lang='lat' dir='ltr'><strong>fluminis</strong></span> 
     </span>
     <span class='ocr_line' id='line_1_23' title="bbox 194 2822 1240 2910; baseline 0.007 -24"><span class='ocrx_word' id='word_1_124' title='bbox 194 2824 238 2887; x_wconf 88' lang='lat' dir='ltr'><strong>ab</strong></span> <span class='ocrx_word' id='word_1_125' title='bbox 260 2823 380 2889; x_wconf 90' lang='lat' dir='ltr'><strong>incolis</strong></span> <span class='ocrx_word' id='word_1_126' title='bbox 402 2822 516 2888; x_wconf 81' lang='lat' dir='ltr'><strong>Alone</strong></span> <span class='ocrx_word' id='word_1_127' title='bbox 540 2822 667 2900; x_wconf 87' lang='lat' dir='ltr'><strong>uocati,</strong></span> <span class='ocrx_word' id='word_1_128' title='bbox 691 2829 945 2888; x_wconf 89' lang='lat' dir='ltr'><strong>antecessorum</strong></span> <span class='ocrx_word' id='word_1_129' title='bbox 967 2845 1120 2890; x_wconf 91' lang='lat' dir='ltr'><strong>meorum</strong></span> <span class='ocrx_word' id='word_1_130' title='bbox 1140 2848 1240 2910; x_wconf 88' lang='lat' dir='ltr'><strong>prae-</strong></span> 
     </span>
     <span class='ocr_line' id='line_1_24' title="bbox 193 2922 1241 3006; baseline 0.007 -21"><span class='ocrx_word' id='word_1_131' title='bbox 193 2931 293 3005; x_wconf 88' lang='lat' dir='ltr'><strong>cepto</strong></span> <span class='ocrx_word' id='word_1_132' title='bbox 315 2923 466 3005; x_wconf 91' lang='lat' dir='ltr'><strong>positum</strong></span> <span class='ocrx_word' id='word_1_133' title='bbox 489 2943 567 2987; x_wconf 90' lang='lat' dir='ltr'><strong>cum</strong></span> <span class='ocrx_word' id='word_1_134' title='bbox 594 2922 751 2986; x_wconf 90' lang='lat' dir='ltr'><strong>omnibus</strong></span> <span class='ocrx_word' id='word_1_135' title='bbox 777 2923 936 2986; x_wconf 88' lang='lat' dir='ltr'><strong>membris</strong></span> <span class='ocrx_word' id='word_1_136' title='bbox 957 2944 1020 3006; x_wconf 89' lang='lat' dir='ltr'><strong>per</strong></span> <span class='ocrx_word' id='word_1_137' title='bbox 1041 2925 1118 2988; x_wconf 88' lang='lat' dir='ltr'><strong>loca</strong></span> <span class='ocrx_word' id='word_1_138' title='bbox 1143 2929 1241 2994; x_wconf 90' lang='lat' dir='ltr'><strong>uaria</strong></span> 
     </span>
     <span class='ocr_line' id='line_1_25' title="bbox 191 3021 1239 3102; baseline 0.004 -14"><span class='ocrx_word' id='word_1_139' title='bbox 191 3021 355 3100; x_wconf 68' lang='lat' dir='ltr'><strong>fundatis</strong></span> <span class='ocrx_word' id='word_1_140' title='bbox 380 3030 417 3086; x_wconf 88' lang='lat' dir='ltr'><strong>et</strong></span> <span class='ocrx_word' id='word_1_141' title='bbox 439 3023 633 3088; x_wconf 88' lang='lat' dir='ltr'><strong>nominibus</strong></span> <span class='ocrx_word' id='word_1_142' title='bbox 661 3023 852 3102; x_wconf 85' lang='lat' dir='ltr'><strong>segregatis</strong></span> <span class='ocrx_word' id='word_1_143' title='bbox 880 3023 925 3086; x_wconf 89' lang='lat' dir='ltr'><strong>ad</strong></span> <span class='ocrx_word' id='word_1_144' title='bbox 951 3024 1066 3087; x_wconf 90' lang='lat' dir='ltr'><strong>uicum</strong></span> <span class='ocrx_word' id='word_1_145' title='bbox 1093 3027 1239 3092; x_wconf 89' lang='lat' dir='ltr'><strong>eundem</strong></span> 
     </span>
     <span class='ocr_line' id='line_1_26' title="bbox 189 3120 1237 3204; baseline 0.004 -18"><span class='ocrx_word' id='word_1_146' title='bbox 189 3122 450 3204; x_wconf 79' lang='lat' dir='ltr'><strong>pertinentibus</strong></span> <span class='ocrx_word' id='word_1_147' title='bbox 502 3120 559 3188; x_wconf 89' lang='lat' dir='ltr'><strong>Ad</strong></span> <span class='ocrx_word' id='word_1_148' title='bbox 582 3121 841 3204; x_wconf 84' lang='lat' dir='ltr'><strong>Croppethorne</strong></span> <span class='ocrx_word' id='word_1_149' title='bbox 859 3167 866 3186; x_wconf 90' lang='lat'>.</span> <span class='ocrx_word' id='word_1_150' title='bbox 884 3138 959 3187; x_wconf 84' lang='lat' dir='ltr'><strong>vn.</strong></span> <span class='ocrx_word' id='word_1_151' title='bbox 980 3131 1171 3204; x_wconf 84' lang='lat' dir='ltr'><strong>manentes,</strong></span> <span class='ocrx_word' id='word_1_152' title='bbox 1192 3127 1237 3190; x_wconf 90' lang='lat' dir='ltr'><strong>ad</strong></span> 
     </span>
     <span class='ocr_line' id='line_1_27' title="bbox 191 3221 1235 3301; baseline 0.005 -16"><span class='ocrx_word' id='word_1_153' title='bbox 191 3221 471 3287; x_wconf 87' lang='lat' dir='ltr'><strong>Nectheretune.</strong></span> <span class='ocrx_word' id='word_1_154' title='bbox 490 3238 522 3292; x_wconf 78' lang='lat'><strong>1,</strong></span> <span class='ocrx_word' id='word_1_155' title='bbox 539 3228 597 3285; x_wconf 87' lang='lat' dir='ltr'><strong>aet</strong></span> <span class='ocrx_word' id='word_1_156' title='bbox 612 3221 768 3301; x_wconf 86' lang='lat' dir='ltr'><strong>Elmlege</strong></span> <span class='ocrx_word' id='word_1_157' title='bbox 791 3236 841 3285; x_wconf 77' lang='lat'><strong>,11</strong></span> <span class='ocrx_word' id='word_1_158' title='bbox 859 3267 867 3284; x_wconf 93' lang='lat'>.</span> <span class='ocrx_word' id='word_1_159' title='bbox 891 3228 949 3285; x_wconf 87' lang='lat' dir='ltr'><strong>aet</strong></span> <span class='ocrx_word' id='word_1_160' title='bbox 963 3221 1152 3288; x_wconf 89' lang='lat' dir='ltr'><strong>Griddesho</strong></span> <span class='ocrx_word' id='word_1_161' title='bbox 1169 3273 1177 3288; x_wconf 90' lang='lat'>.</span> <span class='ocrx_word' id='word_1_162' title='bbox 1194 3242 1207 3288; x_wconf 94' lang='lat'>1</span> <span class='ocrx_word' id='word_1_163' title='bbox 1226 3273 1235 3291; x_wconf 89' lang='lat'><strong>.</strong></span> 
     </span>
     <span class='ocr_line' id='line_1_28' title="bbox 189 3319 1235 3406; baseline 0.001 -21"><span class='ocrx_word' id='word_1_164' title='bbox 189 3329 247 3386; x_wconf 87' lang='lat' dir='ltr'><strong>aet</strong></span> <span class='ocrx_word' id='word_1_165' title='bbox 261 3321 489 3388; x_wconf 86' lang='lat' dir='ltr'><strong>Ceorletune.</strong></span> <span class='ocrx_word' id='word_1_166' title='bbox 508 3337 594 3384; x_wconf 81' lang='lat' dir='ltr'>xl111</span> <span class='ocrx_word' id='word_1_167' title='bbox 611 3368 619 3384; x_wconf 91' lang='lat'><strong>.</strong></span> <span class='ocrx_word' id='word_1_168' title='bbox 634 3328 692 3384; x_wconf 89' lang='lat' dir='ltr'><strong>aet</strong></span> <span class='ocrx_word' id='word_1_169' title='bbox 705 3319 895 3384; x_wconf 89' lang='lat' dir='ltr'><strong>Heantune</strong></span> <span class='ocrx_word' id='word_1_170' title='bbox 911 3336 973 3385; x_wconf 86' lang='lat' dir='ltr'><strong>xv.</strong></span> <span class='ocrx_word' id='word_1_171' title='bbox 989 3329 1047 3386; x_wconf 87' lang='lat' dir='ltr'><strong>aet</strong></span> <span class='ocrx_word' id='word_1_172' title='bbox 1059 3323 1235 3406; x_wconf 87' lang='lat' dir='ltr'><strong>Benning-</strong></span> 
     </span>
     <span class='ocr_line' id='line_1_29' title="bbox 190 3418 1234 3504; baseline 0.001 -20"><span class='ocrx_word' id='word_1_173' title='bbox 190 3421 317 3504; x_wconf 75' lang='lat' dir='ltr'><strong>uuyrbe</strong></span> <span class='ocrx_word' id='word_1_174' title='bbox 333 3469 341 3486; x_wconf 91' lang='lat'><strong>.</strong></span> <span class='ocrx_word' id='word_1_175' title='bbox 358 3437 395 3484; x_wconf 91' lang='lat' dir='ltr'><strong>x.</strong></span> <span class='ocrx_word' id='word_1_176' title='bbox 433 3420 533 3499; x_wconf 84' lang='lat' dir='ltr'><strong>Quae</strong></span> <span class='ocrx_word' id='word_1_177' title='bbox 546 3421 583 3483; x_wconf 90' lang='lat' dir='ltr'><strong>in</strong></span> <span class='ocrx_word' id='word_1_178' title='bbox 597 3439 702 3484; x_wconf 90' lang='lat' dir='ltr'><strong>unum</strong></span> <span class='ocrx_word' id='word_1_179' title='bbox 718 3418 882 3482; x_wconf 88' lang='lat' dir='ltr'><strong>collectae</strong></span> <span class='ocrx_word' id='word_1_180' title='bbox 897 3427 980 3484; x_wconf 90' lang='lat' dir='ltr'><strong>sunt</strong></span> <span class='ocrx_word' id='word_1_181' title='bbox 1004 3438 1069 3485; x_wconf 79' lang='lat' dir='ltr'><strong>.n.</strong></span> <span class='ocrx_word' id='word_1_182' title='bbox 1092 3441 1234 3502; x_wconf 63' lang='lat' dir='ltr'><strong>manen7</strong></span> 
     </span>
     <span class='ocr_line' id='line_1_30' title="bbox 188 3517 1234 3602; baseline 0.003 -19"><span class='ocrx_word' id='word_1_183' title='bbox 188 3527 252 3586; x_wconf 89' lang='lat' dir='ltr'><strong>tes.</strong></span> <span class='ocrx_word' id='word_1_184' title='bbox 305 3521 453 3602; x_wconf 89' lang='lat' dir='ltr'><strong>Insuper</strong></span> <span class='ocrx_word' id='word_1_185' title='bbox 476 3519 555 3584; x_wconf 90' lang='lat' dir='ltr'><strong>dedi</strong></span> <span class='ocrx_word' id='word_1_186' title='bbox 577 3519 621 3582; x_wconf 88' lang='lat' dir='ltr'><strong>ad</strong></span> <span class='ocrx_word' id='word_1_187' title='bbox 647 3517 856 3602; x_wconf 86' lang='lat' dir='ltr'><strong>praedictam</strong></span> <span class='ocrx_word' id='word_1_188' title='bbox 883 3519 1084 3584; x_wconf 87' lang='lat' dir='ltr'><strong>aecclesiam</strong></span> <span class='ocrx_word' id='word_1_189' title='bbox 1111 3521 1234 3587; x_wconf 92' lang='lat' dir='ltr'><strong>biblio·</strong></span> 
     </span>
     <span class='ocr_line' id='line_1_31' title="bbox 187 3617 1233 3704; baseline 0.003 -22"><span class='ocrx_word' id='word_1_190' title='bbox 187 3619 323 3683; x_wconf 88' lang='lat' dir='ltr'><strong>thecam</strong></span> <span class='ocrx_word' id='word_1_191' title='bbox 342 3620 518 3702; x_wconf 89' lang='lat' dir='ltr'><strong>optimam,</strong></span> <span class='ocrx_word' id='word_1_192' title='bbox 545 3639 621 3682; x_wconf 91' lang='lat' dir='ltr'><strong>cum</strong></span> <span class='ocrx_word' id='word_1_193' title='bbox 650 3618 783 3681; x_wconf 89' lang='lat' dir='ltr'><strong>duabus</strong></span> <span class='ocrx_word' id='word_1_194' title='bbox 810 3617 952 3682; x_wconf 87' lang='lat' dir='ltr'><strong>armillis</strong></span> <span class='ocrx_word' id='word_1_195' title='bbox 981 3639 1026 3682; x_wconf 88' lang='lat' dir='ltr'><strong>ex</strong></span> <span class='ocrx_word' id='word_1_196' title='bbox 1055 3638 1140 3683; x_wconf 89' lang='lat' dir='ltr'><strong>auro</strong></span> <span class='ocrx_word' id='word_1_197' title='bbox 1167 3641 1233 3704; x_wconf 92' lang='lat' dir='ltr'><strong>pu·</strong></span> 
     </span>
     <span class='ocr_line' id='line_1_32' title="bbox 185 3716 1233 3805; baseline 0.001 -21"><span class='ocrx_word' id='word_1_198' title='bbox 185 3719 321 3784; x_wconf 88' lang='lat' dir='ltr'><strong>rissimo</strong></span> <span class='ocrx_word' id='word_1_199' title='bbox 342 3718 530 3796; x_wconf 75' lang='lat' dir='ltr'><strong>fabricatio,</strong></span> <span class='ocrx_word' id='word_1_200' title='bbox 553 3717 747 3782; x_wconf 89' lang='lat' dir='ltr'><strong>conditione</strong></span> <span class='ocrx_word' id='word_1_201' title='bbox 768 3716 862 3781; x_wconf 82' lang='lat' dir='ltr'><strong>facta</strong></span> <span class='ocrx_word' id='word_1_202' title='bbox 881 3718 973 3782; x_wconf 89' lang='lat' dir='ltr'><strong>inter</strong></span> <span class='ocrx_word' id='word_1_203' title='bbox 1000 3738 1055 3781; x_wconf 92' lang='lat' dir='ltr'><strong>me</strong></span> <span class='ocrx_word' id='word_1_204' title='bbox 1083 3726 1119 3805; x_wconf 82' lang='lat' dir='ltr'><strong>et</strong></span> <span class='ocrx_word' id='word_1_205' title='bbox 1142 3721 1233 3803; x_wconf 90' lang='lat' dir='ltr'><strong>epis-</strong></span> 
     </span>
     <span class='ocr_line' id='line_1_33' title="bbox 185 3817 1232 3902; baseline 0 -20"><span class='ocrx_word' id='word_1_206' title='bbox 185 3837 322 3902; x_wconf 89' lang='lat' dir='ltr'><strong>copum,</strong></span> <span class='ocrx_word' id='word_1_207' title='bbox 352 3825 392 3882; x_wconf 91' lang='lat' dir='ltr'><strong>ut</strong></span> <span class='ocrx_word' id='word_1_208' title='bbox 414 3817 578 3882; x_wconf 92' lang='lat' dir='ltr'><strong>memoria</strong></span> <span class='ocrx_word' id='word_1_209' title='bbox 601 3818 736 3881; x_wconf 87' lang='lat' dir='ltr'><strong>animae</strong></span> <span class='ocrx_word' id='word_1_210' title='bbox 759 3835 854 3880; x_wconf 88' lang='lat' dir='ltr'><strong>meae</strong></span> <span class='ocrx_word' id='word_1_211' title='bbox 884 3817 921 3879; x_wconf 92' lang='lat' dir='ltr'><strong>in</strong></span> <span class='ocrx_word' id='word_1_212' title='bbox 948 3817 1125 3900; x_wconf 89' lang='lat' dir='ltr'><strong>praedicta</strong></span> <span class='ocrx_word' id='word_1_213' title='bbox 1153 3837 1232 3883; x_wconf 90' lang='lat' dir='ltr'><strong>aec-</strong></span> 
     </span>
     <span class='ocr_line' id='line_1_34' title="bbox 185 3916 1232 4000; baseline -0.001 -18"><span class='ocrx_word' id='word_1_214' title='bbox 185 3919 290 3984; x_wconf 89' lang='lat' dir='ltr'><strong>clesia</strong></span> <span class='ocrx_word' id='word_1_215' title='bbox 304 3920 351 3983; x_wconf 89' lang='lat' dir='ltr'><strong>sit</strong></span> <span class='ocrx_word' id='word_1_216' title='bbox 367 3918 404 3982; x_wconf 90' lang='lat' dir='ltr'><strong>in</strong></span> <span class='ocrx_word' id='word_1_217' title='bbox 418 3925 607 3982; x_wconf 89' lang='lat' dir='ltr'><strong>aeternum.</strong></span> <span class='ocrx_word' id='word_1_218' title='bbox 638 3917 749 3981; x_wconf 85' lang='lat' dir='ltr'><strong>Facta</strong></span> <span class='ocrx_word' id='word_1_219' title='bbox 763 3923 817 3980; x_wconf 87' lang='lat' dir='ltr'><strong>est</strong></span> <span class='ocrx_word' id='word_1_220' title='bbox 831 3922 946 3980; x_wconf 91' lang='lat' dir='ltr'><strong>autem</strong></span> <span class='ocrx_word' id='word_1_221' title='bbox 968 3916 1069 3980; x_wconf 93' lang='lat' dir='ltr'><strong>huius</strong></span> <span class='ocrx_word' id='word_1_222' title='bbox 1097 3917 1232 4000; x_wconf 85' lang='lat' dir='ltr'><strong>telluris</strong></span> 
     </span>
    </p>
   </div>
   <div class='ocr_carea' id='block_1_6' title="bbox 182 3999 1233 4202">
    <p class='ocr_par' dir='ltr' id='par_1_9' title="bbox 182 3999 1233 4202">
     <span class='ocr_line' id='line_1_35' title="bbox 183 3999 1233 4098; baseline 0 -16"><span class='ocrx_word' id='word_1_223' title='bbox 183 4019 324 4084; x_wconf 89' lang='lat' dir='ltr'><strong>donatio</strong></span> <span class='ocrx_word' id='word_1_224' title='bbox 348 4019 393 4082; x_wconf 86' lang='lat' dir='ltr'><strong>ad</strong></span> <span class='ocrx_word' id='word_1_225' title='bbox 418 4016 652 4095; x_wconf 87' lang='lat' dir='ltr'><strong>Fledanburh,</strong></span> <span class='ocrx_word' id='word_1_226' title='bbox 685 4017 745 4080; x_wconf 91' lang='lat' dir='ltr'><strong>ubi</strong></span> <span class='ocrx_word' id='word_1_227' title='bbox 778 4016 959 4098; x_wconf 77' lang='lat' dir='ltr'><strong>epiecopus</strong></span> <span class='ocrx_word' id='word_1_228' title='bbox 982 4017 1121 4081; x_wconf 86' lang='lat' dir='ltr'><strong>Tilhere</strong></span> <span class='ocrx_word' id='word_1_229' title='bbox 1149 3999 1233 4082; x_wconf 88' lang='lat' dir='ltr'><strong>mihi</strong></span> 
     </span>
     <span class='ocr_line' id='line_1_36' title="bbox 182 4115 1230 4202; baseline -0.002 -18"><span class='ocrx_word' id='word_1_230' title='bbox 182 4121 336 4202; x_wconf 88' lang='lat' dir='ltr'><strong>meisque</strong></span> <span class='ocrx_word' id='word_1_231' title='bbox 365 4118 588 4202; x_wconf 86' lang='lat' dir='ltr'><strong>optimatibus</strong></span> <span class='ocrx_word' id='word_1_232' title='bbox 615 4116 757 4200; x_wconf 83' lang='lat' dir='ltr'><strong>dignum</strong></span> <span class='ocrx_word' id='word_1_233' title='bbox 793 4116 994 4199; x_wconf 88' lang='lat' dir='ltr'><strong>preparauit</strong></span> <span class='ocrx_word' id='word_1_234' title='bbox 1022 4115 1230 4182; x_wconf 89' lang='lat' dir='ltr'><strong>conuiuium.</strong></span> 
     </span>
    </p>
   </div>
   <div class='ocr_carea' id='block_1_7' title="bbox 0 0 1560 5032">
    <p class='ocr_par' dir='ltr' id='par_1_10' title="bbox 0 0 1560 5032">
     <span class='ocr_line' id='line_1_37' title="bbox 0 0 1560 5032; baseline 0 12"><span class='ocrx_word' id='word_1_235' title='bbox 0 0 1560 5032; x_wconf 95' lang='lat' dir='ltr'><strong> </strong></span> 
     </span>
    </p>
   </div>
  </div>
 </body>
</html>
