3112 5032
319 357 384 422 162
571 369 744 422 curnula
767 370 1110 420 nucuosnxourcru.

321 530 410 593 hanc
439 526 623 591 donatione
649 525 746 588 nram
769 524 954 606 infringere
977 522 1203 606 temptauerit
1225 523 1314 588 sciat
1338 544 1375 588 se

318 630 356 693 in
381 625 557 692 tremendo
572 626 678 702 uiuoa
699 645 741 690 ac
758 631 918 706 mortuop
932 624 1093 688 examine
1108 623 1243 688 ratione
1260 624 1372 690 reddi-

322 737 438 794 turum
449 747 476 792 :·

379 832 418 911 »14
435 827 512 908 Ego
525 822 722 888 adelmodus
737 824 831 906 episi
848 824 1035 909 subscripsi

380 930 420 1009 »14
438 926 514 1006 Ego
530 924 716 1006 ecgbaldus
731 923 825 1005 episi
842 931 985 988 consent
1000 931 1035 988 et
1050 921 1168 987 subsci

380 1029 419 1108 »14
435 1024 496 1109 sig
509 1023 588 1086 maii
605 1023 780 1105 scillinges
797 1071 806 1086 .
825 1070 833 1085 .
852 1070 860 1086 .
877 1071 886 1087 .
902 1024 982 1088 secti

383 1122 688 1210 ›xcsigmaiiham
707 1170 715 1185 .
734 1170 741 1185 .
760 1171 768 1186 .
787 1119 883 1208 ‚pict

381 1227 420 1306 »14
438 1224 497 1308 ὃίξ
510 1222 590 1286 mair
614 1219 814 1286 aebeluobes
828 1218 902 1307 pist

381 1326 423 1405 »14
437 1322 497 1408 sig
511 1322 590 1384 maii
604 1320 817 1385 ceolbrehtes
831 1317 874 1406 ps

387 1425 429 1504 »14
442 1421 501 1507 δίζς
514 1421 594 1484 maii
608 1419 846 1484 aebelmundes
862 1417 904 1506 ps

387 1522 427 1604 »14
443 1521 502 1607 ὃίξ
517 1521 596 1584 maii
612 1518 792 1602 wigferbes
805 1517 846 1605 pf

384 1620 423 1702 »14
439 1620 498 1707 Si}
512 1620 619 1684 faeder
632 1619 767 1685 comitis
783 1619 876 1700 regis

741 1907 970 1975 cxxxiv.
987 1891 997 1908 '

524 2056 656 2121 orsu
680 2056 744 2121 os
768 2053 979 2133 Munera,
1001 2053 1186 2121 rra-ns.

386 2202 594 2286 »14ουΝοτΑ
622 2203 754 2286 regalia
787 2211 924 2286 sceptra
952 2210 1047 2267 recto
1075 2205 1235 2287 iustoque
1263 2206 1380 2270 mode·

329 2304 461 2368 ramine
487 2304 615 2386 iugiter
643 2306 857 2386 gubernante
890 2304 949 2386 pio
977 2299 1151 2367 salinatore
1181 2305 1379 2371 hominum!

331 2403 408 2486 Ego
435 2402 525 2484 Offa,
554 2403 609 2467 dei
637 2402 952 2485 praedestinatione
989 2422 1052 2466 rex
1084 2401 1291 2485 Anglorum‚
1325 2425 1380 2468 se-

329 2504 465 2568 niorum
485 2522 637 2567 meorum
659 2503 858 2585 magisterio
878 2503 1020 2566 edoctus
1043 2509 1079 2566 et
1100 2503 1260 2586 exemplo
1277 2505 1380 2568 robo-

331 2610 440 2680 ratus,
456 2609 496 2666 ut
515 2622 561 2666 ex
577 2609 739 2685 percepto
753 2601 919 2666 mundani
940 2601 1039 2682 regni
1058 2601 1208 2667 dominio
1225 2604 1380 2685 qualem-

331 2721 466 2785 cunque
487 2708 633 2783 partem,
656 2701 815 2784 quamuis
837 2702 950 2765 minus
974 2699 1127 2782 dignam,
1151 2721 1214 2784 pro
1241 2704 1381 2768 absolu·

330 2802 425 2866 tione
458 2821 611 2865 meorum
639 2802 876 2883 peccaminum
898 2808 933 2865 et
955 2820 1018 2883 pro
1044 2802 1277 2884 redemptione
1305 2804 1382 2867 ani-

332 2921 409 2965 mae
422 2920 531 2979 meae,
546 2901 583 2963 in
597 2919 681 2965 usus
695 2901 970 2966 aecclesiasticae
983 2900 1202 2965 liberalitatis
1214 2904 1382 2986 subroga·

332 3019 416 3063 rem.
469 3000 622 3082 Ideoque
643 3019 737 3064 nunc
758 3008 884 3064 terram
901 3048 910 3064 .
926 3017 960 3063 v.
976 3001 1201 3078 manentium,
1223 3002 1288 3068 boc
1314 3011 1381 3081 est,

331 3099 447 3162 uicum
462 3099 521 3181 qui
537 3107 756 3182 nuncupatur
771 3107 830 3164 aet
842 3101 986 3164 Ductun
1000 3107 1037 3163 et
1053 3147 1060 3164 .
1075 3116 1109 3164 ν.
1135 3109 1193 3165 aet
1215 3102 1301 3184 Esig
1317 3123 1382 3186 pro

332 3205 473 3262 aeterna
502 3198 615 3262 salute
642 3219 738 3264 meae
769 3191 905 3263 animae
942 3199 1149 3282 quandoque
1178 3201 1217 3264 in
1250 3201 1380 3279 futuro,

332 3298 438 3362 dante
469 3296 546 3376 deo,
580 3299 625 3361 ad
655 3299 900 3366 monasterium
929 3306 1071 3363 sanctae
1102 3298 1248 3378 Mariae,
1277 3321 1382 3367 uoca-

331 3399 413 3462 bulo
443 3395 653 3480 chogerna
679 3407 824 3476 ceastre,
857 3399 893 3461 iu
924 3398 978 3461 ius
1006 3400 1095 3462 ruris
1123 3399 1382 3480 aecclesiastici,

329 3497 554 3562 libentissime
570 3498 764 3580 perdonans
779 3498 941 3562 concedo.
987 3497 1077 3562 Sunt
1089 3497 1125 3562 hi
1139 3500 1276 3564 termini
1291 3503 1381 3565 ruris

329 3597 435 3675 illius,
471 3604 536 3661 etc.
590 3597 868 3662 Condonantium
904 3617 987 3661 uero
1025 3604 1060 3661 et
1092 3601 1382 3666 consentientium

331 3694 433 3781 sigua
446 3696 502 3760 hic
515 3696 606 3760 iufra
628 3704 664 3760 et
686 3699 827 3761 nomina
850 3698 914 3761 sub
939 3698 1136 3762 testimonio
1149 3699 1279 3764 maiore
1303 3720 1381 3784 per-

331 3799 460 3880 scripta
475 3797 615 3860 notabo.

386 3899 426 3978 »14
443 3896 519 3978 Ego
543 3895 622 3959 Offa
647 3914 708 3958 rex
733 3894 824 3959 banc
849 3914 961 3959 meam
988 3894 1257 3962 munificentiam
1279 3899 1381 3982 signo

331 3996 443 4059 crucis
456 3995 586 4061 munio.
642 3998 681 4077 »14
697 3993 773 4077 Ego
788 3995 982 4059 Eadbertus
998 3995 1192 4078 episcopus.
1249 3999 1381 4082 ›14Eg0

331 4094 512 4161 Berhthun
524 4096 719 4180 episcopus.
751 4097 791 4179 »14
805 4095 882 4178 Ego
893 4095 1095 4160 Uuermund
1113 4097 1307 4181 episcopus.
1337 4101 1377 4183 »14
