<?xml version="1.0" encoding="UTF-8"?>
<!DOCTYPE html PUBLIC "-//W3C//DTD XHTML 1.0 Transitional//EN"
    "http://www.w3.org/TR/xhtml1/DTD/xhtml1-transitional.dtd">
<html xmlns="http://www.w3.org/1999/xhtml" xml:lang="en" lang="en">
 <head>
  <title>
</title>
<meta http-equiv="Content-Type" content="text/html;charset=utf-8" />
  <meta name='ocr-system' content='tesseract 3.04.00' />
  <meta name='ocr-capabilities' content='ocr_page ocr_carea ocr_par ocr_line ocrx_word'/>
</head>
<body>
  <div class='ocr_page' id='page_1' title='image "./codexdiplomatic04kembgoog_0053.png"; bbox 0 0 3168 5028; ppageno 0'>
   <div class='ocr_carea' id='block_1_1' title="bbox 337 493 990 555">
    <p class='ocr_par' dir='ltr' id='par_1_1' title="bbox 337 493 990 555">
     <span class='ocr_line' id='line_1_1' title="bbox 337 493 990 555; baseline -0.005 0"><span class='ocrx_word' id='word_1_1' title='bbox 337 493 398 555; x_wconf 85' lang='lat' dir='ltr'>xlii</span> <span class='ocrx_word' id='word_1_2' title='bbox 683 505 990 552; x_wconf 78' lang='lat' dir='ltr'>ru&#39;raonuc&#39;rrou.</span> 
     </span>
    </p>
   </div>
   <div class='ocr_carea' id='block_1_2' title="bbox 336 663 1343 2880">
    <p class='ocr_par' dir='ltr' id='par_1_2' title="bbox 336 663 1343 2880">
     <span class='ocr_line' id='line_1_2' title="bbox 336 663 1335 750; baseline -0.002 -18"><span class='ocrx_word' id='word_1_3' title='bbox 336 670 372 732; x_wconf 91' lang='lat' dir='ltr'>in</span> <span class='ocrx_word' id='word_1_4' title='bbox 392 673 525 732; x_wconf 82' lang='lat' dir='ltr'><strong>aestate</strong></span> <span class='ocrx_word' id='word_1_5' title='bbox 545 665 781 750; x_wconf 81' lang='lat' dir='ltr'>perferendam</span> <span class='ocrx_word' id='word_1_6' title='bbox 801 664 1034 729; x_wconf 90' lang='lat' dir='ltr'>incommune</span> <span class='ocrx_word' id='word_1_7' title='bbox 1055 663 1145 743; x_wconf 88' lang='lat' dir='ltr'>silfa,</span> <span class='ocrx_word' id='word_1_8' title='bbox 1160 666 1252 748; x_wconf 89' lang='lat' dir='ltr'>quod</span> <span class='ocrx_word' id='word_1_9' title='bbox 1272 683 1335 730; x_wconf 90' lang='lat' dir='ltr'>nos</span> 
     </span>
     <span class='ocr_line' id='line_1_3' title="bbox 337 765 1291 850; baseline -0.003 -17"><span class='ocrx_word' id='word_1_10' title='bbox 337 770 507 834; x_wconf 87' lang='lat' dir='ltr'>Saxonice</span> <span class='ocrx_word' id='word_1_11' title='bbox 523 767 566 831; x_wconf 88' lang='lat' dir='ltr'>In</span> <span class='ocrx_word' id='word_1_12' title='bbox 581 766 770 850; x_wconf 80' lang='lat' dir='ltr'>gemenisse</span> <span class='ocrx_word' id='word_1_13' title='bbox 784 765 940 830; x_wconf 71' lang='lat' dir='ltr'>dicimus,</span> <span class='ocrx_word' id='word_1_14' title='bbox 1005 765 1202 844; x_wconf 77' lang='lat' dir='ltr'>Ae’oeiuulf,</span> <span class='ocrx_word' id='word_1_15' title='bbox 1216 767 1291 832; x_wconf 78' lang='lat'>839.</span> 
     </span>
     <span class='ocr_line' id='line_1_4' title="bbox 379 868 1338 952; baseline -0.005 -16"><span class='ocrx_word' id='word_1_16' title='bbox 379 872 412 936; x_wconf 89' lang='grc'>9.</span> <span class='ocrx_word' id='word_1_17' title='bbox 435 871 535 935; x_wconf 89' lang='lat' dir='ltr'>tertia</span> <span class='ocrx_word' id='word_1_18' title='bbox 555 870 592 933; x_wconf 92' lang='lat' dir='ltr'>in</span> <span class='ocrx_word' id='word_1_19' title='bbox 613 869 724 934; x_wconf 89' lang='lat' dir='ltr'>medio</span> <span class='ocrx_word' id='word_1_20' title='bbox 739 870 945 933; x_wconf 89' lang='lat' dir='ltr'>urbanorum</span> <span class='ocrx_word' id='word_1_21' title='bbox 960 875 1146 950; x_wconf 88' lang='lat' dir='ltr'>pratorum.</span> <span class='ocrx_word' id='word_1_22' title='bbox 1191 868 1338 952; x_wconf 84' lang='lat' dir='ltr'>Insuper</span> 
     </span>
     <span class='ocr_line' id='line_1_5' title="bbox 338 970 1337 1053; baseline -0.005 -16"><span class='ocrx_word' id='word_1_23' title='bbox 338 973 442 1037; x_wconf 86' lang='lat' dir='ltr'>etiam</span> <span class='ocrx_word' id='word_1_24' title='bbox 460 971 665 1036; x_wconf 83' lang='lat' dir='ltr'><strong>animalibus</strong></span> <span class='ocrx_word' id='word_1_25' title='bbox 685 971 777 1035; x_wconf 89' lang='lat' dir='ltr'>illius</span> <span class='ocrx_word' id='word_1_26' title='bbox 796 990 873 1034; x_wconf 89' lang='lat' dir='ltr'>cum</span> <span class='ocrx_word' id='word_1_27' title='bbox 889 970 1050 1034; x_wconf 88' lang='lat' dir='ltr'>armentis</span> <span class='ocrx_word' id='word_1_28' title='bbox 1064 970 1155 1052; x_wconf 87' lang='lat' dir='ltr'>regis</span> <span class='ocrx_word' id='word_1_29' title='bbox 1170 990 1337 1053; x_wconf 88' lang='lat' dir='ltr'>pascuum</span> 
     </span>
     <span class='ocr_line' id='line_1_6' title="bbox 339 1070 1294 1151; baseline -0.002 -13"><span class='ocrx_word' id='word_1_30' title='bbox 339 1074 486 1138; x_wconf 89' lang='lat' dir='ltr'>donabo.</span> <span class='ocrx_word' id='word_1_31' title='bbox 1008 1070 1203 1151; x_wconf 67' lang='lat' dir='ltr'>Aedeluulf,</span> <span class='ocrx_word' id='word_1_32' title='bbox 1217 1073 1294 1136; x_wconf 77' lang='lat'><strong>845.</strong></span> 
     </span>
     <span class='ocr_line' id='line_1_7' title="bbox 381 1171 1338 1256; baseline 0 -18"><span class='ocrx_word' id='word_1_33' title='bbox 381 1177 433 1239; x_wconf 90' lang='grc'>10.</span> <span class='ocrx_word' id='word_1_34' title='bbox 457 1175 558 1238; x_wconf 89' lang='lat' dir='ltr'>Haec</span> <span class='ocrx_word' id='word_1_35' title='bbox 588 1182 669 1238; x_wconf 91' lang='lat' dir='ltr'>sunt</span> <span class='ocrx_word' id='word_1_36' title='bbox 690 1171 816 1238; x_wconf 89' lang='lat' dir='ltr'>etenim</span> <span class='ocrx_word' id='word_1_37' title='bbox 839 1171 976 1236; x_wconf 88' lang='lat' dir='ltr'>marisci</span> <span class='ocrx_word' id='word_1_38' title='bbox 1005 1191 1094 1256; x_wconf 89' lang='lat' dir='ltr'>quae</span> <span class='ocrx_word' id='word_1_39' title='bbox 1120 1173 1165 1238; x_wconf 90' lang='lat' dir='ltr'>ad</span> <span class='ocrx_word' id='word_1_40' title='bbox 1195 1172 1338 1239; x_wconf 88' lang='lat' dir='ltr'>eandem</span> 
     </span>
     <span class='ocr_line' id='line_1_8' title="bbox 338 1275 1339 1358; baseline -0.001 -17"><span class='ocrx_word' id='word_1_41' title='bbox 338 1285 464 1342; x_wconf 88' lang='lat' dir='ltr'>terram</span> <span class='ocrx_word' id='word_1_42' title='bbox 492 1276 557 1340; x_wconf 89' lang='lat' dir='ltr'>rite</span> <span class='ocrx_word' id='word_1_43' title='bbox 590 1294 632 1339; x_wconf 88' lang='lat' dir='ltr'>ac</span> <span class='ocrx_word' id='word_1_44' title='bbox 665 1282 757 1340; x_wconf 88' lang='lat' dir='ltr'>recte</span> <span class='ocrx_word' id='word_1_45' title='bbox 789 1276 973 1357; x_wconf 82' lang='lat' dir='ltr'>pertinent,</span> <span class='ocrx_word' id='word_1_46' title='bbox 1001 1294 1091 1357; x_wconf 90' lang='lat' dir='ltr'>quae</span> <span class='ocrx_word' id='word_1_47' title='bbox 1119 1275 1223 1358; x_wconf 91' lang='lat' dir='ltr'>Hega</span> <span class='ocrx_word' id='word_1_48' title='bbox 1258 1283 1339 1340; x_wconf 89' lang='lat' dir='ltr'>ante</span> 
     </span>
     <span class='ocr_line' id='line_1_9' title="bbox 339 1376 1339 1461; baseline -0.001 -18"><span class='ocrx_word' id='word_1_49' title='bbox 339 1380 504 1458; x_wconf 84' lang='lat' dir='ltr'>abuerat3</span> <span class='ocrx_word' id='word_1_50' title='bbox 526 1376 561 1440; x_wconf 92' lang='lat' dir='ltr'>id</span> <span class='ocrx_word' id='word_1_51' title='bbox 583 1384 636 1441; x_wconf 87' lang='lat' dir='ltr'>est</span> <span class='ocrx_word' id='word_1_52' title='bbox 656 1397 700 1440; x_wconf 90' lang='lat' dir='ltr'>au</span> <span class='ocrx_word' id='word_1_53' title='bbox 719 1377 948 1455; x_wconf 83' lang='lat' dir='ltr'>Wiwarawic,</span> <span class='ocrx_word' id='word_1_54' title='bbox 968 1396 1057 1461; x_wconf 91' lang='lat' dir='ltr'>quae</span> <span class='ocrx_word' id='word_1_55' title='bbox 1078 1385 1158 1441; x_wconf 90' lang='lat' dir='ltr'>ante</span> <span class='ocrx_word' id='word_1_56' title='bbox 1184 1378 1339 1442; x_wconf 81' lang='lat' dir='ltr'>subiecta</span> 
     </span>
     <span class='ocr_line' id='line_1_10' title="bbox 340 1475 1338 1560; baseline 0 -17"><span class='ocrx_word' id='word_1_57' title='bbox 340 1488 415 1543; x_wconf 87' lang='lat' dir='ltr'>erat</span> <span class='ocrx_word' id='word_1_58' title='bbox 428 1478 539 1543; x_wconf 87' lang='lat' dir='ltr'>Towii</span> <span class='ocrx_word' id='word_1_59' title='bbox 553 1503 572 1560; x_wconf 88' lang='grc' dir='ltr'>Ἰ</span> <span class='ocrx_word' id='word_1_60' title='bbox 589 1479 625 1543; x_wconf 89' lang='lat' dir='ltr'>to</span> <span class='ocrx_word' id='word_1_61' title='bbox 645 1475 855 1557; x_wconf 74' lang='lat' dir='ltr'>Lednaham,</span> <span class='ocrx_word' id='word_1_62' title='bbox 877 1503 896 1560; x_wconf 99' lang='grc' dir='ltr'>Ἰ</span> <span class='ocrx_word' id='word_1_63' title='bbox 918 1477 1125 1543; x_wconf 76' lang='lat' dir='ltr'>Sobreshdm</span> <span class='ocrx_word' id='word_1_64' title='bbox 1139 1479 1162 1542; x_wconf 89' lang='lat' dir='ltr'>i.</span> <span class='ocrx_word' id='word_1_65' title='bbox 1178 1479 1338 1557; x_wconf 89' lang='lat' dir='ltr'>sealtern,</span> 
     </span>
     <span class='ocr_line' id='line_1_11' title="bbox 339 1580 1338 1664; baseline -0.001 -20"><span class='ocrx_word' id='word_1_66' title='bbox 339 1607 358 1664; x_wconf 89' lang='grc' dir='ltr'>Ἰ</span> <span class='ocrx_word' id='word_1_67' title='bbox 386 1580 411 1645; x_wconf 91' lang='lat' dir='ltr'>ii</span> <span class='ocrx_word' id='word_1_68' title='bbox 432 1581 530 1645; x_wconf 78' lang='lat' dir='ltr'>wdna</span> <span class='ocrx_word' id='word_1_69' title='bbox 549 1601 638 1662; x_wconf 84' lang='lat' dir='ltr'>gang</span> <span class='ocrx_word' id='word_1_70' title='bbox 657 1581 726 1644; x_wconf 95' lang='lat' dir='ltr'>mid</span> <span class='ocrx_word' id='word_1_71' title='bbox 747 1582 909 1664; x_wconf 86' lang='lat' dir='ltr'>cyninges</span> <span class='ocrx_word' id='word_1_72' title='bbox 924 1580 1058 1645; x_wconf 74' lang='lat' dir='ltr'>wenum</span> <span class='ocrx_word' id='word_1_73' title='bbox 1078 1580 1114 1645; x_wconf 83' lang='lat' dir='ltr'>to</span> <span class='ocrx_word' id='word_1_74' title='bbox 1134 1581 1245 1644; x_wconf 89' lang='lat' dir='ltr'>Blean</span> <span class='ocrx_word' id='word_1_75' title='bbox 1258 1580 1338 1644; x_wconf 67' lang='lat' dir='ltr'>dem</span> 
     </span>
     <span class='ocr_line' id='line_1_12' title="bbox 339 1682 1340 1765; baseline -0.001 -18"><span class='ocrx_word' id='word_1_76' title='bbox 339 1682 464 1761; x_wconf 87' lang='lat' dir='ltr'>wiada,</span> <span class='ocrx_word' id='word_1_77' title='bbox 487 1708 506 1765; x_wconf 93' lang='grc' dir='ltr'>Ἰ</span> <span class='ocrx_word' id='word_1_78' title='bbox 530 1683 568 1747; x_wconf 92' lang='lat' dir='ltr'>iii</span> <span class='ocrx_word' id='word_1_79' title='bbox 594 1693 723 1746; x_wconf 85' lang='lat' dir='ltr'>oxnum</span> <span class='ocrx_word' id='word_1_80' title='bbox 747 1701 823 1764; x_wconf 85' lang='lat' dir='ltr'>gers</span> <span class='ocrx_word' id='word_1_81' title='bbox 847 1683 916 1746; x_wconf 90' lang='lat' dir='ltr'>mid</span> <span class='ocrx_word' id='word_1_82' title='bbox 943 1682 1106 1765; x_wconf 81' lang='lat' dir='ltr'>cyninges</span> <span class='ocrx_word' id='word_1_83' title='bbox 1132 1699 1271 1761; x_wconf 84' lang='lat' dir='ltr'>oxnum,</span> <span class='ocrx_word' id='word_1_84' title='bbox 1294 1702 1340 1746; x_wconf 89' lang='lat' dir='ltr'>an</span> 
     </span>
     <span class='ocr_line' id='line_1_13' title="bbox 340 1783 1339 1850; baseline 0 -2"><span class='ocrx_word' id='word_1_85' title='bbox 340 1784 571 1850; x_wconf 85' lang='lat' dir='ltr'>Wiwarawic.</span> <span class='ocrx_word' id='word_1_86' title='bbox 593 1803 669 1848; x_wconf 83' lang='lat' dir='ltr'>xxx</span> <span class='ocrx_word' id='word_1_87' title='bbox 684 1791 823 1849; x_wconf 86' lang='lat' dir='ltr'>statera</span> <span class='ocrx_word' id='word_1_88' title='bbox 843 1783 942 1848; x_wconf 91' lang='lat' dir='ltr'>kasei</span> <span class='ocrx_word' id='word_1_89' title='bbox 957 1784 1088 1847; x_wconf 89' lang='lat' dir='ltr'>etitem</span> <span class='ocrx_word' id='word_1_90' title='bbox 1107 1801 1133 1846; x_wconf 85' lang='lat' dir='ltr'>x</span> <span class='ocrx_word' id='word_1_91' title='bbox 1154 1790 1286 1848; x_wconf 86' lang='lat' dir='ltr'>statera</span> <span class='ocrx_word' id='word_1_92' title='bbox 1304 1785 1339 1848; x_wconf 90' lang='lat' dir='ltr'>in</span> 
     </span>
     <span class='ocr_line' id='line_1_14' title="bbox 342 1885 1107 1968; baseline -0.003 -19"><span class='ocrx_word' id='word_1_93' title='bbox 342 1887 411 1950; x_wconf 88' lang='lat' dir='ltr'>alia</span> <span class='ocrx_word' id='word_1_94' title='bbox 426 1885 665 1965; x_wconf 78' lang='lat' dir='ltr'>Wiwarawi03</span> <span class='ocrx_word' id='word_1_95' title='bbox 685 1905 769 1967; x_wconf 55' lang='lat' dir='ltr'>axx</span> <span class='ocrx_word' id='word_1_96' title='bbox 784 1886 899 1952; x_wconf 81' lang='lat' dir='ltr'>lamba</span> <span class='ocrx_word' id='word_1_97' title='bbox 914 1909 933 1968; x_wconf 85' lang='grc' dir='ltr'>Ἰ</span> <span class='ocrx_word' id='word_1_98' title='bbox 948 1885 1107 1949; x_wconf 76' lang='lat' dir='ltr'>nsahts</span> 
     </span>
     <span class='ocr_line' id='line_1_15' title="bbox 342 1987 1340 2070; baseline -0.001 -18"><span class='ocrx_word' id='word_1_99' title='bbox 342 1987 490 2070; x_wconf 92' lang='lat' dir='ltr'>Duoque</span> <span class='ocrx_word' id='word_1_100' title='bbox 505 1988 633 2050; x_wconf 90' lang='lat' dir='ltr'>molina</span> <span class='ocrx_word' id='word_1_101' title='bbox 651 1987 695 2050; x_wconf 85' lang='lat' dir='ltr'>ud</span> <span class='ocrx_word' id='word_1_102' title='bbox 713 1987 807 2051; x_wconf 90' lang='lat' dir='ltr'>illam</span> <span class='ocrx_word' id='word_1_103' title='bbox 827 1987 970 2052; x_wconf 87' lang='lat' dir='ltr'>eandem</span> <span class='ocrx_word' id='word_1_104' title='bbox 985 1994 1110 2051; x_wconf 88' lang='lat' dir='ltr'>terram</span> <span class='ocrx_word' id='word_1_105' title='bbox 1124 1987 1340 2069; x_wconf 79' lang='lat' dir='ltr'>pertinentia,</span> 
     </span>
     <span class='ocr_line' id='line_1_16' title="bbox 341 2085 1340 2170; baseline 0 -18"><span class='ocrx_word' id='word_1_106' title='bbox 341 2107 410 2154; x_wconf 92' lang='lat' dir='ltr'>una</span> <span class='ocrx_word' id='word_1_107' title='bbox 426 2109 472 2154; x_wconf 88' lang='lat' dir='ltr'>an</span> <span class='ocrx_word' id='word_1_108' title='bbox 487 2087 788 2170; x_wconf 88' lang='lat' dir='ltr'>Wassingweilan,</span> <span class='ocrx_word' id='word_1_109' title='bbox 803 2089 876 2153; x_wconf 90' lang='lat' dir='ltr'>alia</span> <span class='ocrx_word' id='word_1_110' title='bbox 888 2108 933 2154; x_wconf 87' lang='lat' dir='ltr'>an</span> <span class='ocrx_word' id='word_1_111' title='bbox 949 2087 1201 2154; x_wconf 83' lang='lat' dir='ltr'>Hwiteceldan.</span> <span class='ocrx_word' id='word_1_112' title='bbox 1240 2085 1340 2152; x_wconf 88' lang='lat' dir='ltr'>Haec</span> 
     </span>
     <span class='ocr_line' id='line_1_17' title="bbox 342 2190 1342 2274; baseline -0.002 -20"><span class='ocrx_word' id='word_1_113' title='bbox 342 2198 425 2255; x_wconf 90' lang='lat' dir='ltr'>sunt</span> <span class='ocrx_word' id='word_1_114' title='bbox 448 2207 580 2273; x_wconf 87' lang='lat' dir='ltr'>pascua</span> <span class='ocrx_word' id='word_1_115' title='bbox 598 2209 787 2272; x_wconf 89' lang='lat' dir='ltr'>porcorum,</span> <span class='ocrx_word' id='word_1_116' title='bbox 807 2196 892 2274; x_wconf 89' lang='lat' dir='ltr'>quot</span> <span class='ocrx_word' id='word_1_117' title='bbox 915 2198 1034 2255; x_wconf 90' lang='lat' dir='ltr'>nostra</span> <span class='ocrx_word' id='word_1_118' title='bbox 1055 2190 1173 2272; x_wconf 87' lang='lat' dir='ltr'>lingua</span> <span class='ocrx_word' id='word_1_119' title='bbox 1193 2190 1342 2254; x_wconf 84' lang='lat' dir='ltr'>denbera</span> 
     </span>
     <span class='ocr_line' id='line_1_18' title="bbox 341 2290 1341 2370; baseline -0.002 -15"><span class='ocrx_word' id='word_1_120' title='bbox 341 2293 567 2370; x_wconf 85' lang='lat' dir='ltr'>nominamus,</span> <span class='ocrx_word' id='word_1_121' title='bbox 596 2293 662 2356; x_wconf 92' lang='lat' dir='ltr'>hoc</span> <span class='ocrx_word' id='word_1_122' title='bbox 688 2301 742 2356; x_wconf 89' lang='lat' dir='ltr'>est</span> <span class='ocrx_word' id='word_1_123' title='bbox 772 2292 1070 2369; x_wconf 86' lang='lat' dir='ltr'>Lamburnanden‚</span> <span class='ocrx_word' id='word_1_124' title='bbox 1098 2291 1234 2355; x_wconf 84' lang='lat' dir='ltr'>Orrices</span> <span class='ocrx_word' id='word_1_125' title='bbox 1263 2290 1341 2369; x_wconf 86' lang='lat' dir='ltr'>den,</span> 
     </span>
     <span class='ocr_line' id='line_1_19' title="bbox 342 2392 1342 2477; baseline 0 -19"><span class='ocrx_word' id='word_1_126' title='bbox 342 2393 517 2475; x_wconf 89' lang='lat' dir='ltr'>Teligden,</span> <span class='ocrx_word' id='word_1_127' title='bbox 548 2392 840 2470; x_wconf 86' lang='lat' dir='ltr'>Stanehtandenn,</span> <span class='ocrx_word' id='word_1_128' title='bbox 872 2401 907 2458; x_wconf 86' lang='lat' dir='ltr'>et</span> <span class='ocrx_word' id='word_1_129' title='bbox 939 2393 1000 2457; x_wconf 88' lang='lat' dir='ltr'>illa</span> <span class='ocrx_word' id='word_1_130' title='bbox 1031 2394 1121 2457; x_wconf 89' lang='lat' dir='ltr'>silua</span> <span class='ocrx_word' id='word_1_131' title='bbox 1150 2393 1342 2477; x_wconf 90' lang='lat' dir='ltr'>Sandhyrst</span> 
     </span>
     <span class='ocr_line' id='line_1_20' title="bbox 342 2494 1162 2578; baseline 0.001 -20"><span class='ocrx_word' id='word_1_132' title='bbox 342 2496 528 2573; x_wconf 87' lang='lat' dir='ltr'>nominata,</span> <span class='ocrx_word' id='word_1_133' title='bbox 543 2513 632 2578; x_wconf 89' lang='lat' dir='ltr'>quae</span> <span class='ocrx_word' id='word_1_134' title='bbox 647 2496 794 2578; x_wconf 88' lang='lat' dir='ltr'>pertinet</span> <span class='ocrx_word' id='word_1_135' title='bbox 809 2495 845 2560; x_wconf 85' lang='lat' dir='ltr'>td</span> <span class='ocrx_word' id='word_1_136' title='bbox 861 2494 1162 2578; x_wconf 86' lang='lat' dir='ltr'>Wassingweilau.</span> 
     </span>
     <span class='ocr_line' id='line_1_21' title="bbox 987 2595 1296 2674; baseline 0.006 -15"><span class='ocrx_word' id='word_1_137' title='bbox 987 2595 1208 2674; x_wconf 76' lang='lat' dir='ltr'>Ae&#39;delberht,</span> <span class='ocrx_word' id='word_1_138' title='bbox 1221 2595 1296 2661; x_wconf 77' lang='lat'>858.</span> 
     </span>
     <span class='ocr_line' id='line_1_22' title="bbox 385 2694 1343 2780; baseline 0.001 -19"><span class='ocrx_word' id='word_1_139' title='bbox 385 2697 439 2761; x_wconf 93' lang='grc'>11.</span> <span class='ocrx_word' id='word_1_140' title='bbox 461 2716 635 2780; x_wconf 91' lang='lat' dir='ltr'>unamque</span> <span class='ocrx_word' id='word_1_141' title='bbox 658 2694 744 2760; x_wconf 89' lang='lat' dir='ltr'>salis</span> <span class='ocrx_word' id='word_1_142' title='bbox 768 2697 1010 2779; x_wconf 90' lang='lat' dir='ltr'>coquinariam,</span> <span class='ocrx_word' id='word_1_143' title='bbox 1032 2697 1096 2760; x_wconf 89' lang='lat' dir='ltr'>hoc</span> <span class='ocrx_word' id='word_1_144' title='bbox 1119 2705 1174 2762; x_wconf 89' lang='lat' dir='ltr'>est</span> <span class='ocrx_word' id='word_1_145' title='bbox 1196 2697 1230 2762; x_wconf 86' lang='lat' dir='ltr'>.i.</span> <span class='ocrx_word' id='word_1_146' title='bbox 1253 2698 1343 2762; x_wconf 89' lang='lat' dir='ltr'>seal-</span> 
     </span>
     <span class='ocr_line' id='line_1_23' title="bbox 344 2795 1343 2880; baseline 0.001 -18"><span class='ocrx_word' id='word_1_147' title='bbox 344 2797 522 2863; x_wconf 84' lang='lat' dir='ltr'>ternsteall</span> <span class='ocrx_word' id='word_1_148' title='bbox 542 2823 562 2880; x_wconf 96' lang='grc' dir='ltr'>Ἰ</span> <span class='ocrx_word' id='word_1_149' title='bbox 582 2803 646 2861; x_wconf 72' lang='lat' dir='ltr'>’der</span> <span class='ocrx_word' id='word_1_150' title='bbox 670 2803 751 2862; x_wconf 87' lang='lat' dir='ltr'>eota</span> <span class='ocrx_word' id='word_1_151' title='bbox 770 2796 817 2873; x_wconf 87' lang='lat' dir='ltr'>to,</span> <span class='ocrx_word' id='word_1_152' title='bbox 837 2797 873 2859; x_wconf 93' lang='lat' dir='ltr'>in</span> <span class='ocrx_word' id='word_1_153' title='bbox 892 2795 954 2860; x_wconf 87' lang='lat' dir='ltr'>illa</span> <span class='ocrx_word' id='word_1_154' title='bbox 972 2797 1049 2861; x_wconf 88' lang='lat' dir='ltr'>loeo</span> <span class='ocrx_word' id='word_1_155' title='bbox 1070 2799 1130 2862; x_wconf 91' lang='lat' dir='ltr'>ubi</span> <span class='ocrx_word' id='word_1_156' title='bbox 1149 2800 1343 2863; x_wconf 85' lang='lat' dir='ltr'>nominatur</span> 
     </span>
    </p>
   </div>
   <div class='ocr_carea' id='block_1_3' title="bbox 256 2999 1343 3083">
    <p class='ocr_par' dir='ltr' id='par_1_3' title="bbox 256 2999 1343 3083">
     <span class='ocr_line' id='line_1_24' title="bbox 256 2999 1343 3083; baseline 0.006 -23"><span class='ocrx_word' id='word_1_157' title='bbox 256 3051 260 3060; x_wconf 92' lang='lat'>.</span> <span class='ocrx_word' id='word_1_158' title='bbox 345 3021 408 3064; x_wconf 88' lang='lat' dir='ltr'>sex</span> <span class='ocrx_word' id='word_1_159' title='bbox 423 3000 631 3066; x_wconf 88' lang='lat' dir='ltr'>ebdomades</span> <span class='ocrx_word' id='word_1_160' title='bbox 646 3020 667 3065; x_wconf 92' lang='lat' dir='ltr'>a</span> <span class='ocrx_word' id='word_1_161' title='bbox 682 2999 738 3064; x_wconf 92' lang='lat' dir='ltr'>die</span> <span class='ocrx_word' id='word_1_162' title='bbox 750 3007 970 3083; x_wconf 86' lang='lat' dir='ltr'>pentecosten</span> <span class='ocrx_word' id='word_1_163' title='bbox 982 3002 1065 3067; x_wconf 90' lang='lat' dir='ltr'>hubi</span> <span class='ocrx_word' id='word_1_164' title='bbox 1079 3003 1177 3068; x_wconf 86' lang='lat' dir='ltr'>alteri</span> <span class='ocrx_word' id='word_1_165' title='bbox 1188 3003 1343 3069; x_wconf 89' lang='lat' dir='ltr'>homines</span> 
     </span>
    </p>
   </div>
   <div class='ocr_carea' id='block_1_4' title="bbox 344 3102 1343 3391">
    <p class='ocr_par' dir='ltr' id='par_1_4' title="bbox 344 3102 1343 3391">
     <span class='ocr_line' id='line_1_25' title="bbox 344 3102 1343 3185; baseline 0.003 -20"><span class='ocrx_word' id='word_1_166' title='bbox 344 3103 465 3166; x_wconf 89' lang='lat' dir='ltr'>silbam</span> <span class='ocrx_word' id='word_1_167' title='bbox 491 3103 627 3179; x_wconf 90' lang='lat' dir='ltr'>cedunt,</span> <span class='ocrx_word' id='word_1_168' title='bbox 649 3102 714 3167; x_wconf 91' lang='lat' dir='ltr'>hoc</span> <span class='ocrx_word' id='word_1_169' title='bbox 735 3103 842 3170; x_wconf 86' lang='lat' dir='ltr'>estin</span> <span class='ocrx_word' id='word_1_170' title='bbox 865 3103 953 3185; x_wconf 89' lang='lat' dir='ltr'>regis</span> <span class='ocrx_word' id='word_1_171' title='bbox 973 3104 1220 3168; x_wconf 84' lang='lat' dir='ltr'>communione.</span> <span class='ocrx_word' id='word_1_172' title='bbox 1265 3105 1343 3168; x_wconf 85' lang='lat' dir='ltr'>Hoc</span> 
     </span>
     <span class='ocr_line' id='line_1_26' title="bbox 345 3206 1343 3288; baseline 0.007 -22"><span class='ocrx_word' id='word_1_173' title='bbox 345 3211 426 3267; x_wconf 91' lang='lat' dir='ltr'>sunt</span> <span class='ocrx_word' id='word_1_174' title='bbox 440 3222 572 3287; x_wconf 85' lang='lat' dir='ltr'>pascua</span> <span class='ocrx_word' id='word_1_175' title='bbox 587 3223 777 3287; x_wconf 89' lang='lat' dir='ltr'>porcorum,</span> <span class='ocrx_word' id='word_1_176' title='bbox 793 3224 859 3287; x_wconf 90' lang='lat' dir='ltr'>que</span> <span class='ocrx_word' id='word_1_177' title='bbox 874 3213 992 3269; x_wconf 91' lang='lat' dir='ltr'>nostra</span> <span class='ocrx_word' id='word_1_178' title='bbox 1011 3206 1128 3288; x_wconf 89' lang='lat' dir='ltr'>lingua</span> <span class='ocrx_word' id='word_1_179' title='bbox 1147 3206 1343 3272; x_wconf 87' lang='lat' dir='ltr'>Saxhonica</span> 
     </span>
     <span class='ocr_line' id='line_1_27' title="bbox 345 3305 1343 3391; baseline 0.005 -23"><span class='ocrx_word' id='word_1_180' title='bbox 345 3305 491 3370; x_wconf 90' lang='lat' dir='ltr'>denbera</span> <span class='ocrx_word' id='word_1_181' title='bbox 505 3307 728 3386; x_wconf 90' lang='lat' dir='ltr'>nominamus,</span> <span class='ocrx_word' id='word_1_182' title='bbox 740 3305 805 3371; x_wconf 92' lang='lat' dir='ltr'>hoc</span> <span class='ocrx_word' id='word_1_183' title='bbox 819 3315 873 3371; x_wconf 90' lang='lat' dir='ltr'>est</span> <span class='ocrx_word' id='word_1_184' title='bbox 886 3307 1066 3386; x_wconf 85' lang='lat' dir='ltr'>Husneah,</span> <span class='ocrx_word' id='word_1_185' title='bbox 1081 3307 1343 3391; x_wconf 76' lang='lat' dir='ltr'>Esresingdenn‚</span> 
     </span>
    </p>
   </div>
   <div class='ocr_carea' id='block_1_5' title="bbox 283 3405 1343 3492">
    <p class='ocr_par' dir='ltr' id='par_1_5' title="bbox 283 3405 1343 3492">
     <span class='ocr_line' id='line_1_28' title="bbox 283 3405 1343 3492; baseline 0.007 -23"><span class='ocrx_word' id='word_1_186' title='bbox 283 3431 285 3436; x_wconf 95' lang='lat'>·</span> <span class='ocrx_word' id='word_1_187' title='bbox 345 3405 643 3490; x_wconf 86' lang='lat' dir='ltr'>Herbedingdenn,</span> <span class='ocrx_word' id='word_1_188' title='bbox 670 3407 909 3491; x_wconf 90' lang='lat' dir='ltr'>Wafiugdenn,</span> <span class='ocrx_word' id='word_1_189' title='bbox 941 3408 1217 3492; x_wconf 86' lang='lat' dir='ltr'>Widefingdenn,</span> <span class='ocrx_word' id='word_1_190' title='bbox 1243 3412 1343 3476; x_wconf 89' lang='lat' dir='ltr'>Bleo-</span> 
     </span>
    </p>
   </div>
   <div class='ocr_carea' id='block_1_6' title="bbox 346 3509 1342 3590">
    <p class='ocr_par' dir='ltr' id='par_1_6' title="bbox 346 3509 1342 3590">
     <span class='ocr_line' id='line_1_29' title="bbox 346 3509 1342 3590; baseline 0.006 -18"><span class='ocrx_word' id='word_1_191' title='bbox 346 3509 525 3590; x_wconf 91' lang='lat' dir='ltr'>oingdenn,</span> <span class='ocrx_word' id='word_1_192' title='bbox 548 3529 611 3574; x_wconf 93' lang='lat' dir='ltr'>nec</span> <span class='ocrx_word' id='word_1_193' title='bbox 635 3530 704 3574; x_wconf 92' lang='lat' dir='ltr'>non</span> <span class='ocrx_word' id='word_1_194' title='bbox 726 3531 778 3574; x_wconf 85' lang='lat' dir='ltr'>xx</span> <span class='ocrx_word' id='word_1_195' title='bbox 803 3518 934 3578; x_wconf 89' lang='lat' dir='ltr'>statera</span> <span class='ocrx_word' id='word_1_196' title='bbox 960 3511 1054 3575; x_wconf 88' lang='lat' dir='ltr'>casei</span> <span class='ocrx_word' id='word_1_197' title='bbox 1079 3510 1118 3577; x_wconf 87' lang='lat' dir='ltr'>of</span> <span class='ocrx_word' id='word_1_198' title='bbox 1134 3510 1269 3576; x_wconf 89' lang='lat' dir='ltr'>Mersce</span> <span class='ocrx_word' id='word_1_199' title='bbox 1298 3515 1342 3578; x_wconf 93' lang='lat' dir='ltr'>ad</span> 
     </span>
    </p>
   </div>
   <div class='ocr_carea' id='block_1_7' title="bbox 323 3607 1344 4306">
    <p class='ocr_par' dir='ltr' id='par_1_7' title="bbox 323 3607 1344 3894">
     <span class='ocr_line' id='line_1_30' title="bbox 345 3607 1344 3695; baseline 0.006 -23"><span class='ocrx_word' id='word_1_200' title='bbox 345 3607 543 3674; x_wconf 84' lang='lat' dir='ltr'>Mersaham</span> <span class='ocrx_word' id='word_1_201' title='bbox 563 3612 734 3689; x_wconf 86' lang='lat' dir='ltr'>reddatur,</span> <span class='ocrx_word' id='word_1_202' title='bbox 751 3619 786 3676; x_wconf 91' lang='lat' dir='ltr'>et</span> <span class='ocrx_word' id='word_1_203' title='bbox 800 3613 838 3676; x_wconf 84' lang='lat' dir='ltr'>xl</span> <span class='ocrx_word' id='word_1_204' title='bbox 854 3633 960 3695; x_wconf 89' lang='lat' dir='ltr'>agnos</span> <span class='ocrx_word' id='word_1_205' title='bbox 975 3620 1011 3676; x_wconf 90' lang='lat' dir='ltr'>et</span> <span class='ocrx_word' id='word_1_206' title='bbox 1024 3613 1062 3676; x_wconf 85' lang='lat' dir='ltr'>xl</span> <span class='ocrx_word' id='word_1_207' title='bbox 1073 3613 1203 3678; x_wconf 89' lang='lat' dir='ltr'>uellera</span> <span class='ocrx_word' id='word_1_208' title='bbox 1218 3615 1344 3694; x_wconf 93' lang='lat' dir='ltr'>ouium,</span> 
     </span>
     <span class='ocr_line' id='line_1_31' title="bbox 323 3713 1344 3798; baseline 0.009 -26"><span class='ocrx_word' id='word_1_209' title='bbox 323 3719 381 3776; x_wconf 86' lang='lat' dir='ltr'>.et</span> <span class='ocrx_word' id='word_1_210' title='bbox 404 3713 548 3776; x_wconf 87' lang='lat' dir='ltr'>duorum</span> <span class='ocrx_word' id='word_1_211' title='bbox 570 3713 701 3777; x_wconf 90' lang='lat' dir='ltr'>dierum</span> <span class='ocrx_word' id='word_1_212' title='bbox 727 3713 879 3792; x_wconf 88' lang='lat' dir='ltr'>refectio,</span> <span class='ocrx_word' id='word_1_213' title='bbox 904 3716 959 3780; x_wconf 92' lang='lat' dir='ltr'>uel</span> <span class='ocrx_word' id='word_1_214' title='bbox 978 3733 1054 3778; x_wconf 82' lang='lat' dir='ltr'>xxx</span> <span class='ocrx_word' id='word_1_215' title='bbox 1074 3715 1255 3798; x_wconf 87' lang='lat' dir='ltr'>argenteis,</span> <span class='ocrx_word' id='word_1_216' title='bbox 1280 3716 1344 3781; x_wconf 90' lang='lat' dir='ltr'>hoc</span> 
     </span>
     <span class='ocr_line' id='line_1_32' title="bbox 345 3815 1300 3894; baseline 0.005 -16"><span class='ocrx_word' id='word_1_217' title='bbox 345 3820 398 3878; x_wconf 91' lang='grc' dir='ltr'>θεῖ</span> <span class='ocrx_word' id='word_1_218' title='bbox 413 3815 576 3878; x_wconf 89' lang='lat' dir='ltr'>semioum</span> <span class='ocrx_word' id='word_1_219' title='bbox 591 3817 679 3880; x_wconf 84' lang='lat' dir='ltr'>libra</span> <span class='ocrx_word' id='word_1_220' title='bbox 693 3817 887 3882; x_wconf 90' lang='lat' dir='ltr'>redimatur.</span> <span class='ocrx_word' id='word_1_221' title='bbox 994 3816 1211 3894; x_wconf 68' lang='lat' dir='ltr'>Aedelberht,</span> <span class='ocrx_word' id='word_1_222' title='bbox 1224 3817 1300 3883; x_wconf 81' lang='lat'><strong>863.</strong></span> 
     </span>
    </p>

    <p class='ocr_par' dir='ltr' id='par_1_8' title="bbox 346 3908 1343 4097">
     <span class='ocr_line' id='line_1_33' title="bbox 388 3908 1343 4001; baseline 0.006 -23"><span class='ocrx_word' id='word_1_223' title='bbox 388 3916 440 3979; x_wconf 84' lang='lat'>12.</span> <span class='ocrx_word' id='word_1_224' title='bbox 465 3916 533 3981; x_wconf 91' lang='lat' dir='ltr'>and</span> <span class='ocrx_word' id='word_1_225' title='bbox 561 3937 603 3980; x_wconf 93' lang='lat' dir='ltr'>an</span> <span class='ocrx_word' id='word_1_226' title='bbox 632 3917 748 3999; x_wconf 91' lang='lat' dir='ltr'>cinges</span> <span class='ocrx_word' id='word_1_227' title='bbox 775 3918 933 3984; x_wconf 86' lang='lat' dir='ltr'>bdcholte</span> <span class='ocrx_word' id='word_1_228' title='bbox 959 3908 1006 3983; x_wconf 78' lang='lat' dir='ltr'>nt</span> <span class='ocrx_word' id='word_1_229' title='bbox 1028 3918 1127 3982; x_wconf 79' lang='lat' dir='ltr'>wdna</span> <span class='ocrx_word' id='word_1_230' title='bbox 1148 3938 1238 4001; x_wconf 89' lang='lat' dir='ltr'>gang</span> <span class='ocrx_word' id='word_1_231' title='bbox 1258 3919 1343 3984; x_wconf 86' lang='lat' dir='ltr'>fram</span> 
     </span>
     <span class='ocr_line' id='line_1_34' title="bbox 346 4017 1299 4097; baseline 0.005 -16"><span class='ocrx_word' id='word_1_232' title='bbox 346 4017 477 4082; x_wconf 86' lang='lat' dir='ltr'>Lacum</span> <span class='ocrx_word' id='word_1_233' title='bbox 492 4024 537 4082; x_wconf 70' lang='lat' dir='ltr'>od</span> <span class='ocrx_word' id='word_1_234' title='bbox 552 4020 820 4085; x_wconf 87' lang='lat' dir='ltr'>Sumermessan.</span> <span class='ocrx_word' id='word_1_235' title='bbox 1035 4020 1210 4097; x_wconf 88' lang='lat' dir='ltr'>Earduulf,</span> <span class='ocrx_word' id='word_1_236' title='bbox 1224 4021 1299 4086; x_wconf 85' lang='lat'>875.</span> 
     </span>
    </p>

    <p class='ocr_par' dir='ltr' id='par_1_9' title="bbox 348 4117 1344 4306">
     <span class='ocr_line' id='line_1_35' title="bbox 389 4117 1344 4205; baseline 0.006 -23"><span class='ocrx_word' id='word_1_237' title='bbox 389 4117 442 4182; x_wconf 84' lang='lat'>13.</span> <span class='ocrx_word' id='word_1_238' title='bbox 467 4119 512 4183; x_wconf 87' lang='lat' dir='ltr'>Et</span> <span class='ocrx_word' id='word_1_239' title='bbox 530 4119 605 4185; x_wconf 86' lang='lat' dir='ltr'>haec</span> <span class='ocrx_word' id='word_1_240' title='bbox 626 4128 706 4185; x_wconf 90' lang='lat' dir='ltr'>sunt</span> <span class='ocrx_word' id='word_1_241' title='bbox 725 4140 857 4203; x_wconf 89' lang='lat' dir='ltr'>pascua</span> <span class='ocrx_word' id='word_1_242' title='bbox 877 4141 1066 4204; x_wconf 90' lang='lat' dir='ltr'>porcorum,</span> <span class='ocrx_word' id='word_1_243' title='bbox 1084 4134 1230 4205; x_wconf 86' lang='lat' dir='ltr'>quotuor</span> <span class='ocrx_word' id='word_1_244' title='bbox 1249 4144 1344 4188; x_wconf 88' lang='lat' dir='ltr'>man-</span> 
     </span>
     <span class='ocr_line' id='line_1_36' title="bbox 348 4220 1344 4306; baseline 0.007 -23"><span class='ocrx_word' id='word_1_245' title='bbox 348 4220 461 4284; x_wconf 88' lang='lat' dir='ltr'>siones</span> <span class='ocrx_word' id='word_1_246' title='bbox 484 4221 519 4284; x_wconf 94' lang='lat' dir='ltr'>in</span> <span class='ocrx_word' id='word_1_247' title='bbox 538 4221 614 4286; x_wconf 88' lang='lat' dir='ltr'>loco</span> <span class='ocrx_word' id='word_1_248' title='bbox 634 4222 694 4306; x_wconf 92' lang='lat' dir='ltr'>qui</span> <span class='ocrx_word' id='word_1_249' title='bbox 714 4222 840 4288; x_wconf 90' lang='lat' dir='ltr'>dicitur</span> <span class='ocrx_word' id='word_1_250' title='bbox 860 4223 1052 4306; x_wconf 88' lang='lat' dir='ltr'>Boganora‚</span> <span class='ocrx_word' id='word_1_251' title='bbox 1072 4231 1108 4288; x_wconf 87' lang='lat' dir='ltr'>at</span> <span class='ocrx_word' id='word_1_252' title='bbox 1128 4224 1287 4290; x_wconf 87' lang='lat' dir='ltr'>Hidhirst</span> <span class='ocrx_word' id='word_1_253' title='bbox 1308 4228 1344 4290; x_wconf 92' lang='lat' dir='ltr'>in</span> 
     </span>
    </p>
   </div>
   <div class='ocr_carea' id='block_1_8' title="bbox 0 0 1599 5028">
    <p class='ocr_par' dir='ltr' id='par_1_10' title="bbox 0 0 1599 5028">
     <span class='ocr_line' id='line_1_37' title="bbox 0 0 1599 5028; baseline 0 0"><span class='ocrx_word' id='word_1_254' title='bbox 0 0 1599 5028; x_wconf 95' lang='lat' dir='ltr'> </span> 
     </span>
    </p>
   </div>
  </div>
 </body>
</html>
