3112 5032
449 439 623 488 cnunrnu
647 441 988 490 nncnosnxourcnu.
1176 427 1240 492 177

183 592 302 663 uuuldi
325 593 501 678 principis
557 599 597 678 »14
615 597 760 679 Signum
788 605 911 663 manus
938 600 1031 665 Esne
1059 601 1235 684 principis,

146 772 148 777 .
189 694 228 773 »14
243 692 387 774 Signum
402 716 524 760 manus
537 698 708 763 Eadbaldi
722 700 898 782 principis,
947 701 987 780 »14
1002 702 1146 784 Signum
1162 721 1235 765 ma·

183 793 445 973 pppeflelcatpbaldi
469 798 646 880 principis.
702 800 742 880 »14
758 799 904 882 Signum
926 820 1048 865 manus
1075 801 1234 870 Brordon

621 1095 794 1161 CXLVI.

255 1241 460 1308 ALDRED
486 1244 549 1308 OF
577 1245 680 1309 THE
710 1244 953 1326 leccAS,
976 1249 1167 1314 778-781.

236 1396 275 1475 »14
295 1394 502 1458 Rucunurn
517 1395 655 1460 domino
673 1397 710 1459 in
725 1397 864 1460 saecula
879 1397 1115 1463 saeculorum!
1154 1400 1231 1481 Ego

181 1491 311 1560 Aldred
326 1495 531 1576 subregulus
542 1494 766 1560 Huicciorum
780 1516 858 1559 eum
873 1496 1013 1561 licentia
1023 1499 1229 1563 uenerabilis

180 1595 332 1677 episcopi
342 1594 476 1659 Tilheri
486 1597 730 1660 monasterium
738 1596 823 1660 illud
832 1617 877 1661 on
889 1598 1131 1682 Flaedanbyrg
1140 1598 1228 1663 dabo

180 1690 437 1778 Aethelburgae
461 1697 674 1777 propinquae
696 1716 804 1773 meae,
828 1717 943 1761 coram
971 1700 1116 1762 testibus
1137 1698 1229 1763 infra

179 1795 363 1859 nominatis
377 1815 385 1873 3
410 1814 452 1858 ca
468 1796 664 1860 conditione
678 1803 719 1860 ut
732 1797 809 1878 ipsa
828 1803 900 1860 tam
916 1797 975 1861 diu
996 1799 1094 1863 uiuat
1108 1819 1225 1881 posse-

179 1894 271 1971 deat,
292 1903 326 1960 et
348 1903 532 1978 postquam
555 1897 646 1959 uiam
667 1904 805 1978 patrum
827 1895 977 1975 incedat,
1000 1898 1044 1961 ad
1068 1899 1225 1981 chgcr-

178 2014 318 2059 nensem
331 1996 532 2059 aecclesiam
542 1996 578 2059 in
594 1997 647 2058 ius
663 1997 851 2080 episcopali
865 1998 955 2060 sedis
971 1998 1104 2063 reddat.
1138 1999 1184 2063 Et
1194 2001 1225 2064 ei

178 2095 349 2178 praecipio
369 2095 404 2158 in
423 2095 513 2161 almo
536 2097 674 2160 nomine
693 2098 809 2180 superi
829 2097 987 2179 polorum
1009 2100 1163 2176 rectoris
1186 2108 1226 2165 ut

176 2194 253 2277 ipsa
274 2215 337 2259 nec
348 2195 407 2258 'dei
429 2215 492 2259 nec
518 2215 628 2260 meam
651 2197 776 2261 habeat
788 2196 962 2261 licentiam
985 2198 1049 2263 hoc
1071 2199 1108 2261 in
1129 2200 1223 2263 aliud

176 2303 322 2371 mutare,
337 2295 404 2360 nisi
418 2296 468 2360 ita
482 2295 624 2378 implere
637 2296 726 2361 sicut
740 2305 960 2380 praeceptum
980 2306 1056 2363 erat
1069 2297 1224 2363 Aelfredi

176 2403 211 2458 et
225 2394 468 2462 Aethellrea'rdi
485 2395 722 2479 Ecguuinique
739 2397 903 2480 episcopi,
917 2398 977 2480 qui
992 2398 1080 2462 hunc
1095 2406 1222 2463 terram

175 2496 270 2579 prius
286 2497 509 2579 optinuerunt
525 2496 691 2579 nobisque
706 2496 939 2577 tradiderunt3
963 2497 1021 2562 sod
1042 2500 1119 2582 ipsa
1132 2498 1222 2564 hanc

175 2605 330 2661 nostram
342 2597 562 2661 elemosinam
578 2596 783 2678 perficiendo
797 2596 949 2679 impleat.

229 2698 269 2777 »14
286 2695 361 2777 Ego
378 2694 508 2760 Aldred
532 2697 621 2760 hanc
643 2716 753 2759 meam
768 2696 988 2760 donationem
1003 2697 1103 2780 signo
1122 2717 1221 2761 sanc-

174 2802 231 2859 tae
245 2797 354 2858 crucis
374 2796 594 2860 confirmabo.
630 2798 670 2878 »14
686 2796 761 2876 Ego
776 2795 913 2860 Tilhere
936 2798 1117 2880 episcopus
1131 2797 1222 2862 hunc

173 2915 284 2960 meam
313 2896 513 2978 petitionem
538 2896 783 2960 subscribendo
811 2897 1031 2961 confirmabo.
1087 2899 1126 2978 »14
1143 2899 1221 2980 Ego

174 2995 389 3078 Aethclburg
418 2995 595 3059 abbatissa
616 2996 841 3061 liuentissime
868 2997 1112 3062 consentiendo
1138 3000 1219 3062 sub-

173 3097 306 3179 scripsi.
363 3096 401 3178 »14
418 3095 493 3177 Ego
509 3094 621 3160 Credo
634 3098 751 3160 abbas.
807 3097 847 3177 »14
863 3097 938 3178 Ego
954 3098 1085 3162 Bacola
1100 3099 1219 3164 abbas.

178 3198 217 3277 »14
235 3196 311 3279 Ego
325 3196 488 3260 Tathere.
545 3196 677 3280 »14Εςο
697 3195 893 3260 Guoheord.
950 3198 988 3280 »14
1007 3198 1082 3279 Ego
1106 3197 1220 3261 Hum-

170 3296 271 3360 berht
296 3297 487 3379 presbyuer.
545 3299 583 3377 »14
599 3297 675 3379 Ego
697 3296 904 3382 cyneberht.
961 3299 1001 3379 »14
1018 3298 1094 3380 Ego
1110 3296 1220 3363 Cuth-

171 3396 242 3461 red.
299 3396 433 3478 »14Εςο
459 3395 597 3460 Dudda.
655 3399 694 3478 »14
710 3397 786 3478 Ego
810 3395 969 3474 Ceobbo;
993 3416 1112 3461 omnes
1136 3417 1219 3462 con-

170 3495 350 3561 sentiendo
377 3495 652 3578 subscripsimus
682 3504 786 3578 atque
815 3495 1091 3560 confirmabimus
1119 3499 1218 3561 testi-

171 3596 324 3661 monium
339 3603 507 3660 nostrum.

594 3811 790 3877 CXLVII.

422 3951 553 4018 OFFA
576 3953 641 4017 OF
665 3950 873 4031 MERCIA,
895 3952 972 4018 784.

225 4094 327 4180 »141Ν
353 4095 491 4159 nomine
505 4095 634 4161 domini
655 4095 797 4160 summi!
851 4094 929 4176 Ego
943 4093 1022 4159 Offa
1035 4093 1117 4156 almi
1139 4113 1219 4175 reg«

167 4197 284 4260 nantis
304 4195 419 4276 gratia
432 4216 495 4259 rex
510 4196 731 4272 Muciorum,
752 4202 886 4279 partem
904 4202 1016 4262 terrae
1040 4195 1124 4256 iuris
1150 4195 1222 4258 meiv

1039 4311 1064 4358 n
