3112 5032
431 465 604 514 GHARTAR
626 463 968 513 nncnostxonrcsu.
1159 445 1228 512 213

588 733 807 799 CLXXVI.

486 919 507 964 ⁴·
533 885 818 1002 courteous,
840 924 915 988 799.

224 1102 264 1182 »1⁴
278 1099 459 1163 Tnnrous
474 1100 684 1182 temporibus
707 1098 908 1177 succedunt,
934 1105 1040 1181 atque
1056 1101 1099 1166 ad
1116 1103 1220 1170 finem

168 1207 335 1283 tanquam
357 1199 518 1263 decidens
540 1199 660 1263 solium
690 1218 856 1282 praeceps
887 1207 1078 1265 transeunt.
1132 1203 1218 1269 Ideo

169 1319 289 1366 omues
314 1299 430 1364 firmas
459 1300 667 1365 statutiones
693 1298 887 1364 litterarum
916 1300 1017 1364 seriei
1044 1320 1217 1368 commen·

169 1400 302 1478 demtus,
318 1420 361 1464 ne
376 1400 465 1464 forte
477 1400 691 1482 inposterum
705 1400 843 1483 aliquis,
862 1399 1081 1482 ignorantiae
1102 1404 1217 1468 auau-

169 1502 282 1582 tiacue
296 1500 417 1564 fraude
437 1499 597 1577 inlectus,
618 1501 806 1582 infringere
820 1507 1018 1582 praesumat
1032 1501 1219 1572 decretalia

167 1608 305 1684 patrum
333 1599 497 1678 fidelium,
534 1601 623 1665 sicut
652 1599 866 1664 Graecorum
894 1607 948 1665 est
977 1605 1214 1686 eonsuetudo;

168 1702 250 1784 quia
273 1700 435 1783 quicquid
461 1700 603 1764 fimiter
621 1700 709 1764 scire
732 1700 867 1777 uolunt,
894 1700 1018 1768 litteris
1043 1721 1216 1769 commen-

167 1800 263 1879 dant,
277 1820 321 1864 ne
333 1821 378 1864 ex
391 1801 554 1864 memoria
567 1801 715 1865 labetur.

217 1900 321 1964 Hauc
340 1921 423 1966 uero
442 1908 570 1965 terram
584 1897 760 1965 Coenuulf
775 1919 839 1966 rex
860 1898 994 1964 donans
1008 1900 1116 1968 donat
1131 1903 1215 1966 Bal-

167 2001 275 2066 thuno
290 2002 420 2079 abbati,
434 2008 469 2066 et
481 2001 624 2066 liberum
638 2000 842 2084 conscripsit
856 1999 893 2064 in
906 2002 1077 2079 omnibus,
1090 2009 1163 2065 tam
1177 2003 1214 2067 in

165 2097 287 2184 campo
299 2121 404 2184 quum
427 2101 464 2166 in
484 2102 585 2179 silua,
602 2101 795 2168 tumetium
817 2102 854 2165 iu
876 2099 1028 2179 flumine,
1041 2108 1076 2166 et
1089 2101 1125 2165 in
1140 2122 1213 2166 om·
1275 2131 1278 2138 ·

165 2203 266 2266 nibus
280 2201 488 2267 utilitatibus
508 2201 551 2265 ad
569 2202 712 2266 eundem
727 2201 792 2266 rite
805 2209 933 2266 terram
950 2202 1214 2283 pertinentibus,

164 2302 202 2366 iu
220 2302 478 2380 monasterium,
503 2322 593 2384 quac
612 2302 737 2366 dicitur
757 2300 919 2365 Kemesei
935 2318 1058 2383 .'xxx.
1071 2321 1214 2367 munen-

165 2403 264 2481 tium,
277 2402 351 2466 siue
364 2402 409 2466 ad
422 2402 614 2467 habendum
625 2421 727 2486 quam
744 2402 804 2465 diu
817 2402 927 2480 uiuat,
941 2408 976 2465 et
990 2409 1070 2484 post
1085 2421 1122 2466 se
1140 2404 1212 2467 suis

163 2501 368 2568 haeredibus
389 2503 591 2587 uilicumque
607 2502 756 2566 uoluerit
770 2502 913 2566 liberum
923 2502 1075 2565 donandi
1088 2501 1214 2576 haheat

164 2603 378 2682 facultatem,
394 2611 430 2668 et
444 2604 530 2668 nulli
545 2602 675 2667 homini
688 2601 774 2666 nihil
788 2601 901 2666 lucere
915 2601 957 2666 de
971 2603 1090 2666 cadem
1106 2609 1212 2681 terra,

165 2705 321 2789 exceptis
333 2711 471 2769 tantum
495 2704 532 2767 iu
553 2704 668 2768 causis
687 2709 827 2786 pontem
850 2702 963 2766 facere
985 2707 1021 2765 et
1043 2720 1156 2766 arcem
1178 2711 1215 2768 et
1308 2771 1310 2778 ,

164 2805 430 2889 expeditionem.
483 2803 588 2868 Hanc
602 2823 739 2886 quoque
752 2803 948 2867 libertatem
969 2801 1117 2883 praelati
1138 2824 1212 2868 mo·

164 2905 308 2970 nasterii
332 2903 487 2969 Balthun
518 2905 626 2968 abbas
654 2903 867 2986 comparauit
889 2921 911 2966 a
931 2902 1109 2985 praedicto
1130 2923 1213 2987 rege

166 3005 370 3084 Coenuulfo,
399 3011 435 3069 et
462 3003 514 3068 illi
538 3003 633 3068 dedit
654 3009 781 3067 terram
802 3050 810 3067 .
832 3020 901 3068 ΧΠ.
930 3005 1144 3070 manentium
1176 3006 1213 3070 in

163 3105 252 3185 loco,
267 3105 328 3189 qui
346 3111 493 3169 uocatur
508 3103 692 3180 Hereford‚
708 3103 781 3168 siue
798 3103 841 3167 ad
855 3102 1052 3170 habendum
1074 3105 1214 3189 suisque

163 3206 368 3270 haeredibus
383 3205 604 3287 perhenniter
617 3202 890 3286 relinquendum,
906 3211 946 3270 ut
965 3223 1006 3268 eo
1026 3205 1156 3269 firmius
1178 3214 1216 3272 et

162 3305 398 3372 inmutabilius
423 3305 490 3370 hoc
515 3304 691 3369 decretum
715 3311 926 3387 permaneat.
979 3304 1034 3369 De
1056 3306 1213 3388 partibus

163 3425 245 3471 uero
259 3413 294 3470 et
308 3404 351 3471 de
366 3406 480 3471 causis
502 3405 708 3488 singulares
723 3404 857 3468 soluere
872 3405 1055 3488 praetium,
1071 3412 1107 3468 et
1128 3405 1214 3468 nihil

163 3506 257 3570 aliud
279 3507 322 3570 de
343 3504 410 3569 hac
431 3513 537 3570 terra.
589 3505 637 3570 Et
651 3504 794 3570 eandem
808 3505 1002 3568 libertatem
1017 3523 1083 3584 ego
1100 3502 1212 3567 Coeu-

164 3606 245 3670 uuls
261 3626 324 3670 rex
345 3605 481 3670 donabo
498 3605 674 3670 Balthuno
694 3605 823 3682 abbati,
842 3597 926 3668 siue¹
952 3603 996 3666 ad
1019 3602 1213 3668 habendum

163 3702 429 3785 tam'diuuiuat,
446 3712 482 3770 et
496 3713 575 3788 post
587 3726 625 3770 se
641 3705 712 3770 suis
724 3704 927 3770 haeredibus
938 3701 1158 3787 perhenniter
1168 3704 1213 3769 ad

162 3805 418 3890 perfruendum.
486 3804 566 3870 Pax
594 3805 812 3870 seruantibus
847 3811 882 3869 et
919 3803 1214 3886 consentientibus

162 3904 244 3971 huic
258 3907 438 3974 donationi
450 3927 459 3989 3
483 3905 795 3971 contradicentibus
807 3902 979 3968 discordia
993 3922 1127 3986 semper
1139 3903 1214 3968 sine

163 4007 240 4073 fine.
292 4006 418 4072 Amen.
472 4006 573 4070 Haec
598 4005 732 4069 cartula
752 4004 883 4087 scripta
907 4011 962 4068 est
989 4022 1082 4068 auno
1105 4004 1214 4068 domi·

164 4109 261 4196 picae
275 4106 524 4173 incarnationis
536 4121 745 4170 occxcvuu.
771 4104 966 4170 Indictioue
982 4121 1045 4168 vn.
1083 4104 1214 4169 Eodem

548 4239 557 4271 ¹
569 4238 698 4302 Probably
710 4239 769 4304 ciui,
779 4240 835 4291 sibi.
