3172 5030
325 415 370 480 26
586 431 761 482 canarno
785 433 1124 482 ancnosnxomcnu.

327 593 413 655 iram
436 597 471 654 et
493 589 764 672 indignationem
785 591 917 656 aeterni
935 589 1058 660 iudicis
1080 592 1297 658 incursurum
1319 615 1381 678 per

325 699 482 775 tempora
509 693 735 756 saeculorum.
782 691 882 756 Haec
907 711 989 756 uero
1015 694 1149 756 cartula
1173 695 1304 777 scripta
1327 703 1381 760 est

327 811 418 856 anno
428 793 472 855 ab
481 792 717 856 incarnatione
730 791 860 857 Christi
870 809 1053 857 Dchxxl.
1077 793 1239 858 Fehoiter
1252 803 1380 878 augeat

328 891 486 956 Christus
500 893 610 956 uitam
625 900 802 958 aeternam
818 894 1024 975 augentibus
1044 894 1134 957 hanc
1147 895 1379 961 donationem.

331 992 371 1074 ›1‹
393 993 469 1074 Ego
490 992 615 1058 Hedde
641 994 823 1076 episcopus
848 993 938 1058 hanc
955 995 1123 1058 cartulam
1145 995 1278 1078 scripsi.
1335 996 1375 1078 ›1‹

327 1092 471 1174 Signum
486 1113 609 1158 manus
626 1095 789 1159 Baldredi
810 1095 914 1178 regis.
964 1094 1004 1176 ›1‹
1024 1095 1101 1177 Ego
1114 1093 1252 1160 Aldelm
1273 1096 1379 1162 abbas

324 1195 522 1278 subscripsi.

793 1305 915 1316 .—

794 1399 913 1464 xxi.

537 1559 557 1601 *
581 1525 900 1635 nururuuoo,
925 1556 1088 1636 October,
1103 1557 1179 1624 ool.

378 1706 423 1768 Iu
442 1705 578 1769 nomine
592 1705 720 1770 domini
733 1706 789 1770 dei
804 1707 989 1770 saluatoris
1005 1709 1115 1771 nostri
1133 1708 1214 1772 Iesu
1230 1707 1377 1774 Christi!

328 1806 405 1888 Ego
420 1803 638 1883 Aethelmod,
664 1827 726 1889 per
748 1825 952 1871 consensum
976 1808 1067 1889 regis
1081 1805 1294 1885 Aethelredi,
1316 1830 1379 1892 pro

327 1907 475 1970 remedio
499 1907 633 1970 animae
652 1926 762 1985 meae,
783 1907 875 1971 dono
895 1908 958 1970 tibi
981 1908 1170 1990 chguidi
1191 1911 1380 1973 uenerabili

327 2007 521 2071 abbatissae
541 2013 576 2069 ct
593 2006 790 2089 Foloburgi,
811 2015 847 2071 et
868 2027 1008 2091 paruos
1025 2010 1235 2073 monasterio
1249 2018 1378 2087 uestro,

327 2114 505 2172 manentes
519 2098 600 2171 xxi.
615 2106 716 2171 iuxta
737 2108 864 2172 flumen
887 2108 979 2191 quod
999 2109 1194 2191 appellatur
1209 2108 1377 2187 Cornelle,

326 2215 367 2271 ut
385 2207 540 2271 habeatis
564 2207 638 2270 iure
660 2208 879 2292 dominioque
900 2215 1029 2285 uestro,
1052 2228 1156 2291 quam
1170 2211 1378 2275 monasterio

326 2314 442 2372 uestro
468 2307 661 2371 uindicetis.
728 2309 766 2372 Si
792 2309 869 2391 quis
895 2328 979 2372 uero
1005 2317 1126 2374 contra
1148 2308 1238 2374 hanc
1269 2310 1376 2375 dona-

325 2409 429 2473 tionis
446 2427 543 2471 meae
565 2408 733 2471 cartulam
754 2409 872 2472 uenire
894 2411 1129 2492 temptauerit,
1151 2410 1241 2476 sciat
1262 2430 1299 2474 se
1321 2429 1377 2476 ra·

325 2509 455 2573 tionem
472 2507 684 2572 redditurum
706 2508 743 2571 in
764 2509 819 2572 die
834 2509 961 2573 iudicii.
1013 2510 1060 2574 Et
1077 2518 1117 2574 ut
1137 2509 1223 2575 haec
1238 2511 1378 2576 donatio

326 2627 403 2672 mea
424 2609 461 2673 in
489 2627 553 2671 sua
580 2609 741 2673 firmitate
763 2611 939 2693 persistat,
968 2612 1086 2675 subter
1113 2613 1252 2694 propria
1274 2630 1378 2675 manu

326 2710 463 2791 signum
492 2715 633 2774 sanctae
659 2711 770 2773 crucis
800 2709 877 2788 feci,
909 2718 945 2774 ct
977 2710 1197 2776 Theodorum
1227 2713 1373 2777 sanctis·

325 2810 449 2872 simum
475 2809 768 2893 archiepiscopum
795 2818 835 2874 ut
863 2811 1092 2876 subscriberet
1120 2812 1255 2894 rogaui,
1277 2814 1378 2877 simul

326 2916 361 2973 et
377 2906 623 2973 Aethelredum
636 2930 752 2992 regem
767 2917 807 2975 ut
822 2912 1051 2976 subscriberet
1065 2914 1198 2995 rogaui.
1249 2910 1378 2978 Actum

325 3008 362 3072 in
376 3029 493 3073 mense
510 3009 665 3088 Octobri,
682 3010 875 3076 Indictione
889 3031 994 3076 nona.

376 3110 520 3192 Signum
536 3118 677 3174 sanctae
694 3113 804 3175 crucis
816 3111 1093 3193 Acthelmodi.·1⁴
1135 3110 1378 3192 Aethelredus,

326 3229 388 3272 rex
418 3211 532 3291 gratia
560 3211 627 3289 dei,
656 3213 877 3295 ascriptio.›1‹
943 3212 1157 3291 Theodorus,
1181 3215 1295 3295 gratia
1323 3216 1378 3278 dei

325 3309 614 3393 archiepiscopus
630 3313 874 3394 subscripsi.›1‹
932 3311 1052 3391 Putta‚
1076 3314 1191 3395 gratia
1210 3313 1264 3377 dei
1286 3317 1377 3398 epis·

325 3429 444 3494 copuS,
461 3412 704 3494 subscripsi.›1‹
756 3413 873 3490 Bosel,
885 3414 1000 3495 gratia
1015 3414 1069 3478 dei
1085 3414 1279 3497 episcopus,
1295 3417 1375 3479 sub-

324 3512 503 3595 scripsi.›1‹

793 3609 906 3622 ...—

784 3727 923 3794 XXII.

469 3860 490 3903 *
514 3857 810 3926 AETHILRED
836 3861 900 3926 OF
924 3862 1134 3943 MERCIA,
1156 3863 1232 3930 681.

380 4009 419 4088 ›1‹
448 4007 493 4071 IN
508 4008 646 4073 nomine
662 4009 791 4075 domini
810 4011 866 4075 dei
888 4012 997 4076 nostri
1015 4012 1097 4077 Iesu
1113 4014 1244 4079 Christi
1259 4018 1374 4081 salua-

325 4108 410 4170 toris
424 4109 431 4172 !
479 4108 576 4173 Nihil
589 4110 780 4189 intulimus
795 4119 835 4175 ut
849 4113 1076 4195 apostolicum
1090 4123 1240 4180 testatur
1254 4138 1374 4182 oracu-

324 4207 406 4284 lum,
430 4208 465 4270 in
488 4207 578 4272 hunc
602 4213 777 4289 mundum,
804 4233 923 4277 uerum
946 4234 1009 4277 nec
1032 4216 1166 4279 auferre
1192 4218 1274 4299 quid
1294 4239 1374 4301 pos-
