3188 5032
310 413 355 478 36
566 429 738 476 cnnnmn
762 426 1104 476 incnosnxonresn.

367 586 407 668 ιχ(
435 585 511 668 Ego
527 584 728 651 torhtuuald
742 605 826 671 osen
841 612 861 678 7
880 586 956 651 sub.

367 687 406 767 ›1‹
435 686 511 768 Ego
526 687 696 751 eaduuald
710 707 795 772 qsen
812 712 831 778 7
848 689 924 752 suli.

367 788 406 868 ›1‹
435 787 512 869 Ego
526 788 603 852 cille
619 808 746 853 consen
762 812 782 878 7
799 789 875 854 suli.

368 888 407 968 ›1‹
436 887 513 970 Ego
528 887 650 953 osfrith
666 907 806 953 consen.
822 914 842 980 7
861 888 936 952 suh.

369 988 408 1068 ›1‹
437 987 514 1070 Ego
528 988 675 1070 ecgfrith
689 1008 827 1054 consen.
844 1014 864 1080 7
883 989 958 1054 suli.

368 1089 407 1169 ›1‹
436 1087 513 1170 Ego
529 1089 651 1153 tuddul
666 1109 794 1154 consen
812 1114 831 1180 7
849 1090 925 1154 suli.

369 1188 408 1270 ›1‹
437 1188 514 1272 Ego
529 1190 671 1271 guthlac
684 1209 812 1255 consen
828 1214 848 1280 7
865 1185 941 1256 suli.

369 1290 408 1370 ›1‹
437 1289 514 1372 Ego
529 1290 702 1372 sigiuuald
716 1309 845 1356 consen
862 1315 881 1381 7
899 1290 976 1356 suh.

369 1390 408 1470 ›1‹
438 1391 531 1473 [Ego
545 1390 711 1473 folchere]
728 1392 866 1456 conseri.
884 1415 904 1479 7
921 1391 997 1454 suli.

369 1491 408 1571 ›1‹
438 1491 531 1574 [Ego
544 1492 738 1574 berhttred]
754 1492 891 1558 conseri.
909 1516 929 1582 7
948 1490 1024 1555 suh.

777 1667 898 1679 -——

738 1771 946 1839 xxxin.

394 1937 734 2005 *sermonen
761 1939 824 2004 or
849 1929 1296 2016 nnncm,eo10reo2.¹

373 2092 412 2172 ›1‹
440 2089 654 2157 Arosrows
684 2090 817 2157 Paulus
842 2090 885 2154 de
910 2095 1066 2154 extremo
1090 2089 1217 2153 iudicio
1242 2087 1372 2153 domini

317 2191 595 2256 manifestissime
623 2191 769 2274 loquens
794 2193 846 2255 ita
874 2190 991 2268 refert,
1021 2190 1150 2254 Omnes
1180 2190 1271 2254 enim
1299 2195 1370 2252 sta·

317 2293 429 2357 bimus
452 2300 533 2357 ante
561 2292 712 2358 tribunal
739 2292 881 2369 Christi,
905 2299 945 2356 ut
968 2292 1113 2374 recipiat
1136 2291 1372 2373 unusquisque

318 2403 422 2477 prout
442 2394 549 2476 gessit
574 2395 647 2457 siue
673 2395 801 2458 honum
823 2393 897 2457 siue
919 2392 1068 2471 malum3
1089 2391 1172 2475 quid
1193 2397 1308 2455 autem
1326 2391 1372 2454 sit

319 2495 410 2577 qnod
426 2495 604 2577 apostolus
626 2514 689 2577 pro
720 2495 851 2558 meritis
875 2493 947 2557 suis
970 2511 1126 2576 quosque
1149 2498 1372 2575 percepturos

319 2595 490 2672 adfirmat,
515 2597 590 2678 ipse
618 2595 776 2659 dominus
805 2595 842 2657 in
873 2593 1054 2676 euangelio
1083 2613 1147 2656 suo
1173 2592 1374 2657 manifestat

319 2695 448 2773 dicens,
473 2695 581 2760 Ibunt
601 2696 699 2779 impii
720 2696 757 2758 in
779 2695 985 2778 supplicium
1002 2701 1191 2771 aeternum,
1213 2694 1297 2758 iusti
1311 2713 1373 2757 au-

319 2803 389 2860 tem
412 2797 449 2859 in
471 2796 580 2860 uitam
596 2804 791 2861 aeternam:
816 2795 881 2861 hoc
902 2814 986 2859 sane
1004 2794 1219 2858 tremendum
1240 2814 1281 2858 ac
1303 2800 1372 2858 ter-

319 2896 418 2959 ribile
450 2897 695 2979 omnipotentis
732 2897 860 2962 domini
888 2895 1051 2959 iudicium
1081 2915 1147 2978 ego
1180 2893 1372 2972 Aethilred,

322 2995 461 3060 Christo
475 2996 643 3079 largiente
669 3018 743 3076 rex,
763 3004 838 3062 tota
860 2996 974 3061 cordis
996 2995 1177 3061 formidine
1202 2996 1276 3060 sine
1298 3015 1373 3059 ces-

320 3097 454 3161 satione
479 3097 721 3180 perhorresco;
747 3104 958 3182 quapropter
974 3103 1014 3160 ut
1034 3096 1161 3161 ibidem
1187 3099 1251 3161 suh
1273 3115 1374 3179 pree-

320 3199 434 3262 sentia
448 3198 529 3261 almi
543 3199 665 3263 iudicis
682 3201 818 3263 ueniam
838 3217 971 3262 merear
984 3197 1140 3281 adipisci,
1155 3217 1219 3280 pro
1234 3197 1373 3262 ahsolu-

319 3299 414 3364 tione
425 3299 605 3362 criminum
616 3300 673 3364 uel
686 3320 840 3364 meorum
854 3299 910 3363 uel
921 3299 1079 3380 coniugis
1092 3298 1265 3380 quondam
1276 3317 1374 3361 meae

320 3398 545 3486 Osthrythae,
575 3407 702 3464 terram
734 3420 823 3484 quae
850 3400 975 3464 dicitur
1004 3398 1226 3480 Fledanburg
1251 3415 1373 3463 xn1111.

319 3508 533 3565 cassatorum
550 3520 724 3583 capacem,
739 3500 876 3566 Oftforo
892 3501 1054 3584 episcopo
1069 3500 1106 3563 in
1121 3500 1374 3582 possessionem

319 3602 445 3665 tradidi
458 3623 466 3681 ;
487 3601 828 3684 utquemadmodum
839 3601 998 3684 primitus
1013 3600 1142 3665 tradita
1157 3599 1281 3678 fuerat,
1298 3620 1373 3663 rur-

319 3721 378 3765 sus
398 3722 460 3785 per
478 3702 571 3766 illius
595 3702 809 3784 diligentiam
831 3701 1078 3766 monachornm
1100 3701 1137 3765 in
1162 3719 1204 3764 ea
1226 3703 1290 3765 suh
1313 3702 1373 3764 ab·

319 3803 399 3876 bate
420 3803 617 3885 degentium
640 3803 884 3868 honestissima
907 3802 1126 3868 conuersatio
1141 3809 1372 3884 recuperetur.

347 4016 362 4068 ,¹
380 4018 464 4068 Ostfor
490 4035 546 4070 was
573 4019 670 4069 elected
697 4020 786 4082 bishop
810 4020 839 4069 of
862 4021 983 4070 AElfelred
998 4023 1115 4084 quondam
1129 4022 1224 4071 coniux
1240 4037 1306 4084 mea,
1320 4037 1376 4072 was

318 4088 461 4138 Worcester
471 4091 497 4139 in
508 4094 567 4152 691,
578 4091 638 4153 and,
648 4090 728 4154 dying
739 4093 765 4140 in
777 4095 835 4154 692,
861 4092 927 4140 alive
938 4093 978 4142 till
988 4096 1046 4142 697.
1083 4093 1145 4141 This
1161 4093 1376 4143 anachronismis

317 4173 373 4207 was
395 4161 536 4210 succeeded
555 4162 589 4222 by
607 4163 737 4224 Ecgwine.
782 4163 835 4211 But
860 4161 922 4211 fatal
933 4167 959 4211 to
969 4163 1012 4211 the
1028 4162 1127 4214 charter
1138 4165 1189 4214 and
1205 4163 1247 4214 the
1259 4165 1377 4214 endorse·

318 4228 432 4294 Oserya,
457 4231 516 4280 who
544 4232 567 4280 is
593 4230 652 4281 here
689 4233 772 4282 called
800 4234 833 4295 by
860 4237 928 4282 ment
939 4221 1015 4284 'elika
