3188 5032
459 445 631 494 enarras
655 445 996 496 nucnoslxourcnn.
1192 429 1259 498 125

201 596 314 662 berhti
337 596 514 680 praefecti.
572 598 612 679 ᾖ
632 599 776 682 Signum
796 618 920 664 manus
940 600 1095 666 Tiluuini
1109 605 1256 669 abbatis

207 701 246 779 ›1‹
263 698 409 780 Signum
432 713 555 762 manus
573 698 692 763 Cusan
715 701 862 764 abbatis.
920 703 959 781 ›1‹
977 701 1121 784 Signum
1135 724 1258 769 manus

204 795 378 862 Headdan
394 799 597 880 presbyteri.
655 800 694 881 ›1‹
711 800 856 882 Signum
875 800 1057 866 Ealdbaldi
1079 804 1255 886 praefecti.

208 901 247 979 ›1‹
279 897 424 980 Signum
461 898 575 962 Eatan
612 900 789 982 praefecti.
862 903 901 981 ›1‹
931 900 1076 983 Signum
1117 903 1255 970 CecceS.

209 1001 248 1079 ›1‹
273 997 417 1079 Signum
444 998 601 1063 DunneS.
668 1003 710 1082 ›1‹
735 1000 878 1083 Signum
906 1001 1059 1082 Brogan.
1117 1008 1156 1086 ›1‹
1179 1005 1257 1087 Sig-

203 1118 285 1161 num
296 1097 506 1162 Pendheres.
548 1100 588 1181 ᾖ
602 1100 747 1182 Signum
760 1101 891 1166 Uuales
906 1101 1081 1184 praefecti.
1123 1105 1164 1186 ›1‹
1180 1105 1258 1187 Sig-

203 1217 286 1262 num
303 1198 518 1264 Beornhardi
532 1199 708 1282 praefecti.

673 1560 780 1626 CIII.

354 1725 666 1792 CYNEUUULF
690 1726 754 1790 OF
777 1721 997 1807 WESSEX,
1019 1729 1096 1795 758.
1164 1761 1169 1767 ·

260 1896 299 1974 ›1‹
314 1893 360 1958 IN
375 1891 506 1957 Christi
521 1891 659 1957 nomine
673 1893 680 1956 !
718 1892 795 1975 Ego
805 1892 984 1976 Cyneuuls
995 1915 1070 1971 rex,
1081 1915 1158 1959 cum
1174 1916 1256 1962 con·

202 2013 307 2064 sensu
321 1993 514 2076 principum
534 2013 687 2056 meorum
708 2012 814 2075 supra
837 1994 1039 2058 nominatim
1059 1994 1256 2078 designato·

204 2114 292 2171 rum,
305 2094 456 2176 aliquam
466 2099 579 2157 terrae
588 2095 780 2178 portionem
795 2095 896 2177 quasi
909 2143 917 2162 .
930 2112 1027 2158 xxx.
1043 2098 1257 2168 manentium

202 2193 401 2271 habentem,
425 2192 576 2258 familiae
593 2192 722 2257 Christi
743 2193 781 2256 in
797 2194 1031 2259 Maldubiensi
1048 2198 1258 2270 monasterio

206 2293 428 2372 constitutae,
457 2313 521 2376 pro
544 2293 693 2358 remedio
717 2294 853 2357 animae
878 2314 987 2372 meae,
1012 2298 1258 2380 perpetualiter

205 2393 446 2478 possidendam
460 2393 599 2457 donaui.
652 2392 751 2457 Haec
766 2401 819 2458 est
832 2394 891 2457 ubi
910 2413 948 2458 se
961 2395 1030 2458 duo
1045 2396 1166 2460 latices
1178 2399 1261 2462 iun-·

204 2502 336 2576 guntur
351 2492 563 2558 Meandaeno
576 2499 611 2557 et
627 2492 849 2570 Reodburna‚
865 2502 901 2558 et
915 2494 952 2558 in
966 2496 1111 2559 circuitu
1128 2516 1258 2577 eorum,

205 2593 491 2677 quemadmodum
519 2593 587 2674 ipsi
619 2593 753 2658 incolae
787 2594 873 2656 bene
903 2614 1007 2660 nosce
1033 2595 1259 2668 dinoscuntur

206 2694 371 2758 terminos
386 2700 421 2756 et
433 2692 559 2756 limites
581 2693 734 2757 locorum
747 2692 896 2771 illorum,
916 2715 979 2758 nee
995 2714 1064 2758 non
1087 2702 1122 2758 et
1138 2696 1257 2765 uillam

205 2795 261 2858 cui
286 2794 477 2871 subiacent,
499 2811 641 2876 pascua,
667 2800 779 2877 prata,
802 2793 911 2870 arida,
933 2795 1075 2877 irrigua,
1098 2795 1199 2860 simul
1222 2805 1257 2866 et

204 2894 379 2962 siluestria
398 2893 486 2974 loca.
538 2893 586 2957 Et
608 2893 692 2959 haec
715 2900 795 2956 aeta
818 2902 900 2958 sunt
921 2914 1013 2960 anno
1035 2898 1079 2960 ab
1098 2896 1260 2966 incarnas

207 2996 300 3062 tione
316 2992 446 3058 Christi
461 3009 645 3058 ucenvrn.
698 2993 892 3058 Indictione
908 3011 962 3062 x1.

262 3098 301 3176 ›1‹
317 3094 462 3175 Signum
487 3113 610 3157 manus
641 3093 823 3177 Cyneuulfi
853 3095 956 3176 regis.
1023 3097 1064 3178 ›1‹
1079 3094 1159 3160 Hoc
1186 3096 1259 3178 sige¹

208 3215 290 3258 num
305 3214 370 3276 ego
386 3191 632 3276 Cyneheardus
646 3195 840 3276 episcopua,
853 3195 967 3258 iussus
990 3215 1012 3259 a
1034 3215 1115 3277 rege
1135 3215 1257 3279 supra*

207 3295 396 3370 nominato,
420 3293 580 3376 inscripsi
602 3301 638 3358 et
656 3294 854 3377 subscripsi.
910 3298 950 3376 ᾖ
967 3295 1112 3378 Signum
1135 3315 1261 3368 manus

207 3393 429 3462 Hereuuardi
456 3395 619 3476 episcopi.
692 3398 731 3476 ›1‹
762 3394 906 3475 Signum
939 3413 1061 3460 manus
1098 3395 1257 3478 Eoppan.

212 3497 253 3578 ›1‹
267 3495 412 3576 Signum
425 3513 547 3558 manus
560 3493 722 3558 Herecan
736 3494 899 3572 abbatis„
922 3496 961 3577 ›1‹
981 3495 1125 3577 Signum
1136 3514 1259 3568 manus

209 3596 327 3666 Intan.
384 3595 423 3676 ›1‹
437 3594 582 3676 Signum
596 3614 719 3663 manus
728 3593 908 3660 Alfrithes
965 3597 1004 3675 ›1‹
1020 3594 1163 3677 Signum
1185 3615 1259 3665 maa

209 3714 274 3761 nus
290 3696 443 3760 Beornes
459 3695 606 3759 abbatis.
1249 3733 1253 3746 ι
