3168 5028
590 535 898 584 murronucrrorr.
1169 517 1245 581 xlix'

243 693 432 758 aecclesiae
447 702 538 773 tuae,
549 697 649 760 nauis
665 704 810 760 onustae
823 693 1086 758 transuectionis
1102 713 1242 758 censum
1283 739 1288 746 ·

243 796 303 877 qui
318 816 339 859 a
354 794 573 862 theloneariis
588 799 715 862 nostris
738 799 917 862 tributaria
938 797 1119 861 exactione
1138 797 1245 879 impe-¹

244 897 336 974 titur,
351 898 544 979 perdonans
561 901 709 964 attribuo
723 921 731 980 ;
755 907 793 963 ut
806 899 933 982 ubique
952 898 989 961 in
1006 917 1109 981 regno
1124 905 1244 962 nostro

243 997 350 1063 libera
364 999 407 1063 de
422 1001 513 1064 omni
529 1002 633 1084 regali
647 1002 732 1066 fiscu
747 1002 923 1066 attributo
938 1003 1085 1064 maneat

909 1101 1112 1179 Aeaelbald,
1126 1101 1200 1166 738.

285 1199 316 1264 3.
339 1201 379 1286 pa
389 1200 603 1284 forgeofende
614 1203 647 1267 ic
658 1202 728 1267 him
739 1201 852 1287 alyfde
866 1203 934 1266 alle
947 1202 1103 1267 nedbade
1116 1206 1244 1284 twegra'

244 1322 371 1387 sceopa
384 1310 432 1370 'aa
444 1310 488 1369 tte
503 1295 577 1368 'tier
594 1303 736 1369 abaedde
754 1304 844 1369 beo’t
857 1303 945 1368 fram
961 1294 1053 1368 natm
1072 1303 1244 1369 nedbarle=

242 1423 317 1468 rum
329 1407 365 1470 in
380 1405 623 1470 Lundentllnes
638 1405 738 1490 hiae.
817 1404 1021 1484 Aetelbald,
1037 1405 1198 1470 743-745.

287 1508 319 1571 4.
342 1515 450 1572 totam
473 1507 690 1571 exactionem
712 1507 813 1570 nauis
836 1525 965 1584 earum,
989 1507 1071 1570 mihi
1094 1514 1129 1572 et
1149 1515 1244 1572 ante-

246 1608 439 1672 cessoribus
462 1607 547 1671 meis
566 1607 640 1671 iure'
664 1607 803 1690 publico
828 1607 863 1671 in
888 1607 1121 1673 Lundoniensi
1143 1618 1245 1692 portu

245 1709 340 1790 prius
367 1715 616 1791 conpetentem,
641 1709 927 1791 quemadmodum
949 1710 1245 1776 mansuetudinem

246 1818 396 1876 nostram
412 1818 579 1893 rogarent.
909 1808 1112 1889 Aeaelbald,
1126 1813 1202 1876 747.

289 1912 320 1976 5.
348 1911 449 1976 unius
477 1912 588 1988 nauis,
617 1912 708 1994 quod
739 1931 761 1976 a
788 1912 956 1977 Leubrico
982 1931 1092 1995 nuper
1119 1914 1246 1991 emisti,

247 2013 423 2078 dimidium
438 2013 587 2095 uectigal
602 2015 896 2096 atquetributum,
911 2022 976 2079 etc.

910 2116 1113 2195 Aeaelbald,
1126 2117 1202 2182 748.

288 2215 319 2280 6.
342 2215 386 2280 de
409 2216 511 2283 nauis
537 2226 682 2283 onustae
705 2221 969 2284 transuectionis
996 2239 1113 2298 censu,
1138 2221 1198 2303 qui
1225 2240 1247 2284 a

248 2317 466 2384 theloneariis
481 2318 691 2400 exigebatur,
706 2319 857 2384 conferre
872 2321 993 2385 uoluit.

909 2444 913 2454 ’
941 2423 1029 2501 ona,
1041 2423 1203 2488 759-764.

290 2521 323 2584 7.
358 2521 503 2585 duarum
530 2523 670 2586 nauium
710 2524 974 2588 transuectionis
1009 2544 1161 2602 censum,
1187 2524 1247 2606 qui

156 2667 160 2675 -
248 2623 352 2686 etiam
371 2621 455 2686 iuris
476 2625 584 2690 nostri
600 2632 685 2702 erat,
702 2626 738 2689 in
755 2625 832 2689 loco
848 2625 946 2689 cuius
964 2626 1172 2692 uocabulum
1193 2633 1247 2689 est

249 2725 292 2789 ad
309 2725 440 2803 Serrae,
455 2733 509 2789 etc
512 2769 596 2790 .....
604 2726 745 2791 alterins
760 2746 842 2791 uero
856 2727 948 2809 quod
965 2745 1072 2811 nuper
1087 2726 1248 2791 aedifica-

248 2833 321 2891 tum
336 2834 390 2891 est
398 2827 437 2907 ,in
449 2829 657 2893 monasterio
668 2828 820 2894 eiusdem
830 2830 1009 2912 religiosae
1020 2831 1076 2894 dei
1086 2828 1246 2908 famulae,

249 2948 348 2994 omne
363 2929 526 2994 tributum
541 2937 645 3012 atque
659 2931 808 3014 uectigal
822 2931 1052 2996 concedimus

930 3031 1115 3112 uerbera,
1127 3031 1203 3098 761.
1330 3013 1333 3017 ’

291 3234 366 3300 The
385 3236 559 3318 following
577 3256 634 3301 are
651 3236 831 3301 evidences
847 3234 955 3301 nithe
969 3255 1084 3320 power
1098 3235 1137 3300 of
1152 3237 1247 3320 levy-

250 3337 308 3419 ing
324 3337 396 3416 toll,
411 3339 584 3423 conreyed
600 3341 646 3423 by
660 3346 769 3422 grant.
791 3328 795 3336 ’

293 3541 325 3606 1.
347 3540 405 3606 Ita
423 3541 585 3620 habeant,
605 3541 694 3606 sicut
714 3540 895 3604 Siuerthus
913 3540 1035 3606 habuit
1051 3542 1088 3603 in
1108 3542 1192 3617 uita,
1210 3541 1246 3604 in

249 3642 461 3725 longitudine
481 3650 516 3706 et
535 3643 568 3706 in
590 3641 783 3720 latitudine,
795 3643 831 3705 irr
850 3643 983 3723 magnis
997 3650 1033 3706 et
1047 3643 1083 3705 in
1101 3642 1246 3706 modicis

250 3746 362 3821 rebus,
392 3745 534 3826 campis,
567 3744 718 3826 pascuis,
753 3744 873 3828 pratis,
909 3744 1019 3821 siluis,
1052 3742 1247 3808 theloneum

252 3865 429 3929 aquarum,
444 3845 670 3928 piscationem
682 3846 717 3909 in
732 3845 926 3928 paludibus

841 3943 1021 4011 Eadmund
1037 3945 1203 4013 Irensida.

294 4049 326 4113 2.
350 4055 386 4114 et
409 4047 560 4114 concedo
589 4047 700 4113 eidem
728 4048 916 4114 aecclesiae
931 4129 932 4134 ἵ
946 4048 991 4114 ad
1019 4049 1148 4115 uictum
1176 4071 1248 4115 mo-

252 4152 439 4216 nachorum
467 4158 604 4234 portum
637 4150 679 4216 de
709 4149 893 4228 Sanduulc,
922 4160 959 4217 et
985 4172 1103 4218 omnes
1132 4153 1247 4218 exitus

966 4268 988 4314 n
