3112 5032
467 440 639 489 osannae
664 439 1005 489 nucnosnxorucnn.
1138 478 1139 481 ,
1200 426 1265 491 157

206 596 362 660 imitatus
378 601 636 661 antecessorum
650 613 804 660 meorum
819 595 991 677 exempla,
1007 602 1047 659 ut
1066 615 1111 660 ex
1125 599 1266 662 mortali

208 716 328 778 regno,
343 696 436 779 quod
458 697 560 761 citius
583 703 720 761 constat
741 695 939 772 finiendum,
962 715 1106 777 regnum
1127 699 1266 762 immor-

208 797 280 860 tale
313 797 485 878 finemque
514 797 684 873 nesciens,
712 797 771 860 ubi
798 795 968 860 iustorum
996 797 1133 862 animae
1163 799 1265 861 simul

210 915 288 959 cum
304 897 437 978 angelis
459 897 576 961 iuncte
591 896 726 978 fulgent
744 897 782 959 in
798 896 921 977 gloria,
939 914 1055 960 coram
1077 897 1266 963 altithrono

211 997 276 1060 deo
304 997 458 1075 deorum,
488 996 623 1060 facilius
660 996 825 1078 consequi
855 1000 892 1058 et
925 996 1082 1077 optinere
1116 997 1264 1075 ualeam,

211 1090 328 1177 atque,
344 1116 390 1159 ex
415 1097 617 1178 erogatione
639 1096 765 1160 talenti
788 1094 874 1158 milri
895 1095 1029 1172 crediti,
1051 1095 1181 1178 aliquid
1203 1098 1265 1160 do·

211 1196 304 1260 mino
318 1215 394 1262 mco
409 1196 497 1260 lucri
511 1196 719 1279 proferrem3
734 1195 812 1260 ideo
831 1201 967 1278 partem
980 1195 1133 1277 aliquam
1148 1196 1264 1277 agelli,

212 1315 276 1377 pro
299 1296 448 1362 remedio
472 1297 608 1360 animae
635 1313 745 1373 meae,
771 1294 955 1359 fruendum
976 1295 1052 1358 uiro
1073 1294 1267 1360 honorabili

213 1394 374 1475 Milredo,
390 1395 640 1462 Huuicciorum
655 1395 816 1472 antistiti,
826 1394 864 1458 in
872 1394 1050 1476 proprium
1064 1394 1267 1474 dominium,

213 1496 310 1576 regia
323 1503 424 1560 utens
437 1503 624 1578 potestate,
634 1495 860 1562 libentissime
874 1493 1021 1573 largitus
1038 1513 1134 1575 sum3
1150 1495 1186 1558 id
1200 1503 1265 1573 est,

212 1596 395 1678 quinquies
417 1596 500 1659 bina
523 1595 711 1671 manentia,
733 1593 771 1659 in
792 1593 869 1656 loco
889 1593 949 1674 qui
968 1594 1109 1676 proprio
1132 1615 1265 1659 nuncu-

212 1702 316 1777 patur
329 1695 499 1759 uocabulo
515 1695 690 1776 Pirigtun,
705 1711 782 1756 cum
794 1692 952 1755 omnibus
967 1693 1012 1758 ad
1028 1713 1065 1758 sc
1080 1694 1145 1758 rite
1159 1695 1265 1778 perti·

213 1795 393 1874 uentibus;
417 1801 458 1858 ut
476 1814 517 1858 eo
531 1795 672 1858 uiuente
693 1793 780 1856 bone
802 1800 903 1856 utens
919 1793 1108 1876 possideat,
1123 1802 1265 1877 etpost,

215 1895 355 1958 euoluto
376 1894 511 1958 calculo
532 1891 764 1958 momentanei
785 1911 907 1956 cursus
921 1893 1054 1957 dierum
1074 1894 1179 1972 illiue,
1195 1895 1267 1960 eui-

215 2013 351 2077 cunque
377 1994 527 2060 uoluerit
548 1994 726 2059 bominum
746 1998 824 2058 rato
846 1991 1075 2058 haereditario
1096 1995 1270 2077 relinquat

213 2094 467 2178 possidendam.

271 2197 310 2276 ›1‹
331 2193 436 2258 Ha'nc
452 2213 590 2277 quoque
604 2193 825 2258 donationem
842 2193 918 2275 Ego
933 2191 1023 2270 Offa,
1039 2212 1103 2256 rex
1118 2193 1268 2259 Mercio·

216 2313 303 2371 rum,
319 2294 495 2359 confirmo
552 2295 592 2377 ›1‹
611 2294 687 2376 Ego
704 2291 884 2358 Iamberht
897 2292 1184 2375 archiepiscopus.
1223 2296 1263 2378 ›1‹

218 2393 294 2476 Ego
323 2393 500 2458 Eadberht
528 2394 723 2507 episcopus:
779 2393 819 2475 >1⁴
837 2392 912 2474 Ego
943 2390 1146 2477 Cyneheard
1177 2394 1268 2475 epis-

218 2512 337 2575 copus.
381 2495 421 2577 ›1‹
440 2494 516 2577 Ego
528 2491 658 2575 Ecgulf
670 2492 861 2576 episcopus.
906 2494 946 2573 ›1‹
966 2492 1041 2574 llgo
1057 2491 1268 2578 Huuithyse.

225 2594 265 2676 ›1‹
281 2593 357 2676 Ego
378 2593 551 2658 Brordan
607 2594 646 2676 ›1‹
665 2593 741 2675 Ego
761 2590 980 2656 Brihtuuald.
1036 2595 1076 2674 ›1‹
1093 2592 1170 2704 Ego
1185 2592 1269 2657 Cin·

220 2690 972 2777 mann.›1‹EoEatan.›1‹EgoEsne

662 2995 832 3061 cxxx.

579 3149 601 3191 ι
625 3111 865 3226 cesama

152 3357 156 3366 ,
280 3291 421 3376 ›1⁴0ur1
446 3299 527 3356 ante
550 3293 668 3357 oculos
687 3294 826 3377 superni
846 3294 968 3360 iudicis
991 3304 1117 3361 cuncta
1139 3298 1272 3381 perspi-

224 3394 352 3458 caciter
366 3391 474 3456 oculis
498 3411 581 3457 suae
603 3395 778 3475 potentiae
797 3397 969 3460 cernentis
991 3397 1166 3475 sistamuS,
1181 3400 1272 3462 eius-

225 3513 293 3576 que
305 3498 482 3576 portemus
497 3492 681 3576 imaginem
696 3495 757 3576 qui
778 3514 842 3559 nos
861 3496 898 3559 in
920 3495 1030 3559 crucis
1052 3497 1186 3574 robore,
1208 3516 1271 3562 suo

226 3592 497 3678 praetiosissimo
525 3593 668 3659 redemit
693 3613 825 3671 cruore,
849 3601 885 3658 et
920 3593 1073 3676 paradisi
1105 3597 1273 3662 reserauit

226 3695 422 3776 ingressum
449 3712 514 3756 sua
542 3693 686 3756 mirifica
711 3694 922 3771 ascensione,
944 3712 1072 3775 magna
1099 3697 1197 3759 nobis
1220 3706 1274 3762 est

228 3795 416 3857 necessitas
431 3793 530 3857 bonis
546 3794 707 3857 insudare
721 3795 893 3876 operibuS,
908 3793 990 3857 dum
1002 3794 1113 3858 adhuc
1129 3795 1185 3860 bic
1199 3815 1275 3860 cor-

229 3913 313 3975 pore
340 3893 502 3969 uiuimus,
531 3900 714 3976 menteque
744 3894 865 3958 sedula
895 3894 1053 3958 coelestis
1079 3895 1178 3976 regni
1213 3916 1275 3960 an-

228 3993 343 4056 helare
368 3992 514 4068 alodem,
536 4013 579 4056 ne
601 4012 679 4056 cum
702 3995 836 4058 uenerit
855 3993 1056 4057 meritorum
1073 3994 1184 4058 iustus
1205 3997 1275 4060 dis·

228 4112 360 4169 cussor,
381 4093 465 4175 quid
485 4091 522 4154 in
547 4094 646 4157 nobis
670 4093 843 4176 repperiet
869 4093 1012 4157 noxium
1041 4093 1133 4158 unde
1155 4095 1275 4179 damp-

229 4198 361 4271 nemur,
387 4193 449 4256 sed
473 4193 586 4275 magis
608 4193 717 4276 ipsius
740 4194 972 4258 allubescente
997 4195 1179 4260 clementia
1200 4196 1276 4278 pla·
