3134 5030
463 449 636 500 cnsamn
658 451 1001 501 nncnosnxonrcrn.
1177 435 1242 501 251

193 629 298 693 quam
312 606 448 673 difinita
470 607 545 672 fieri
564 609 702 674 uidetur
719 655 727 672 .
741 609 842 673 salua
854 610 930 674 iure
944 611 1150 675 intemerata
1164 629 1246 694 pos·

193 709 408 774 sessiuncula
429 727 508 772 cum
528 706 646 796 iidicta
668 709 829 773 libertate
853 711 950 793 absq:
974 707 1154 776 obstaculo
1182 711 1246 775 uli·

194 811 291 874 cuius
302 808 716 893 quaestionisadproprie
726 808 928 876 hereditatis
939 811 1107 894 gremium
1116 813 1249 876 redeat:

244 908 319 976 Aut
338 909 443 975 etiam
456 909 601 993 quilibet
624 910 839 974 dominorum
862 909 930 975 Seu
957 927 1095 977 summo
1116 910 1249 976 saeculi-

194 1009 405 1092 dignitatum
434 1008 545 1091 gradu
568 1007 700 1075 ditatus
723 1009 827 1075 huius
856 1008 1105 1075 uicissitudinis
1126 1029 1249 1076 recon-

194 1108 403 1175 ciliationem
431 1110 614 1196 tyrannico
643 1110 764 1175 fraude
795 1109 904 1176 fretus
931 1129 977 1176 ex
1000 1110 1054 1174 his
1077 1111 1248 1176 utralibus

195 1210 320 1294 partih3
353 1209 445 1294 quod
472 1217 544 1275 tam
572 1210 717 1275 firmiter
744 1211 1024 1276 reconciliaretur
1051 1211 1141 1278 hanc
1172 1230 1248 1275 mu·

195 1318 270 1375 tare
284 1311 342 1376 uel
356 1308 517 1374 fraudare
530 1310 640 1392 iniqui
655 1312 878 1394 temptauerit
899 1311 1035 1376 nouerit
1049 1331 1087 1376 se
1104 1311 1248 1377 anatho·

195 1417 327 1476 matum
337 1430 414 1476 esse
426 1416 463 1476 et
472 1416 555 1475 ante
566 1411 718 1475 tribunal
731 1411 854 1476 summi
867 1411 990 1476 iudicis
1003 1410 1064 1499 x‘pi
1079 1413 1248 1477 rationem

195 1510 419 1577 redditurum.
473 1511 553 1576 Nisi
574 1511 669 1595 prius
696 1510 804 1595 digna
827 1510 1066 1578 satisfactione
1087 1511 1248 1578 emenda-

195 1611 296 1676 uerit.

251 1714 291 1794 ›1‹
305 1710 382 1793 Ego
392 1709 559 1776 coenuulf
567 1707 628 1799 xpi
640 1708 755 1793 gratia
762 1731 826 1776 rex
835 1711 1039 1778 merciorum
1053 1711 1155 1794 huius
1168 1711 1250 1776 niae

196 1811 443 1876 uicissitudinis
470 1809 739 1875 munificentiam
763 1811 864 1896 larga
886 1829 992 1879 manu
1016 1813 1153 1879 donabo
1175 1817 1247 1895 atq:

195 1912 306 1977 crucis
321 1910 450 1976 uexillo
465 1911 646 1976 roborabo.

251 2015 291 2094 ›1‹
317 2012 393 2094 Ego
421 2009 556 2074 uulfred
584 2008 699 2092 gratia
719 2006 755 2073 di
776 2009 835 2074 aio
861 2010 955 2094 episc
981 2010 1084 2076 huius
1109 2016 1250 2077 nostras

197 2111 485 2176 reconciliationis
497 2109 767 2174 munificentiam
788 2111 970 2176 adnnendo
982 2112 1202 2177 consentiens
1215 2117 1251 2176 et

196 2213 297 2295 signo
311 2211 422 2276 crucis
437 2207 497 2298 xpi
508 2211 690 2275 roborabo.
947 2215 948 2220 ’

252 2314 291 2395 ›1‹
310 2311 388 2394 Ego
403 2309 548 2376 cadunii
556 2309 649 2393 episb'
664 2311 884 2376 consentiens
899 2310 1097 2396 subscripsi.

250 2415 291 2495 ›1‹
311 2411 455 2492 Signum
467 2427 590 2474 manus
605 2408 742 2473 cubredi
756 2410 807 2494 pi.

252 2512 292 2593 »Β
311 2511 396 2592 Sigii
410 2512 488 2574 mai
503 2511 624 2594 plocsa
638 2510 747 2575 ducis.

251 2612 291 2693 »Β
310 2611 395 2692 Sigii
411 2611 489 2674 maii
503 2611 705 2694 cyneberhti
720 2608 780 2696 reg
793 2609 914 2697 ppinip.

252 2714 292 2794 ›1‹
311 2710 395 2793 Sigii
411 2711 491 2775 maii
506 2710 709 2775 coenuualdi
724 2709 783 2796 reg
798 2711 919 2796 ppinip.
997 2757 1000 2764 .

253 2812 292 2893 ›1‹
310 2811 394 2893 Sigri
408 2812 487 2875 mair
502 2809 686 2876 aebelheah
699 2809 765 2894 ped
780 2811 849 2874 seb.

691 3106 764 3174 cc.

472 3361 475 3369 Δ
542 3253 807 3340 wunsnnn,
829 3259 905 3324 813.

220 3469 223 3476 .
255 3408 294 3489 ›1‹
313 3408 360 3473 IN
373 3407 511 3474 nomine
524 3415 668 3474 sanctae
682 3406 867 3472 saluatoris
881 3405 937 3470 dei
950 3411 986 3472 et
999 3404 1128 3484 domini
1141 3408 1251 3471 nostri

202 3505 308 3574 lhesu
332 3508 472 3576 Christi.
502 3527 594 3573 anno
619 3509 664 3572 ab
693 3507 932 3572 incarnatione
960 3505 1115 3570 eiusdem
1136 3505 1191 3571 dei
1215 3513 1252 3570 et

198 3607 445 3693 redemptionis
464 3608 584 3673 mundi
606 3625 797 3672 necoxrn.
819 3607 946 3673 Indict.
965 3622 1014 3669 v1.
1032 3605 1251 3689 praesidente

200 3705 330 3772 Christi
357 3709 472 3792 gratia
498 3707 756 3791 archipontifice
786 3706 954 3774 Uulsredo
985 3705 1252 3788 metropolitano

200 3807 316 3871 sedem
345 3808 509 3873 ecclesiae
539 3807 669 3874 Christi
696 3828 786 3891 quae
814 3809 883 3872 sita
908 3806 1022 3872 estin
1047 3805 1255 3871 dorouernia

199 3906 342 3970 ciuitate
366 3927 458 3973 anno
482 3925 547 3973 vn.
577 3909 797 3992 episcopatus
819 3907 971 3972 eiusdem
1004 3906 1254 3990 archiepiscopi

200 4006 319 4070 diuina
330 4026 370 4071 ac
385 4007 540 4074 fraterna
552 4007 682 4092 pietate
697 4010 821 4074 ductus
838 4026 954 4072 amore
975 4005 1040 4071 deo
1061 4007 1253 4078 auxiliante

200 4108 401 4172 renouando
432 4114 468 4173 et
494 4109 721 4174 restaurando
744 4129 808 4192 pro
833 4108 963 4172 honore
988 4104 1038 4171 et'
1054 4123 1170 4170 amore
1199 4107 1255 4173 dei

200 4216 358 4273 sanctum
385 4210 628 4276 monasterium
657 4207 920 4276 dorouornensis
937 4207 1101 4274 ecclesiae
1120 4208 1253 4274 reaedi-
