3134 5030
449 433 621 488 cunnum
644 433 980 484 succoslxourcm.
1178 422 1245 488 289

186 592 279 656 sensi
292 589 329 655 et
343 589 541 674 subscripsi.
600 592 640 673 ›1‹
660 590 737 672 Ego
751 590 926 655 Mounede
944 590 1016 655 dux
1032 593 1189 657 consensi
1205 602 1241 659 et

184 685 387 775 subscripsi.
446 693 485 775 ›1‹
497 691 574 774 Ego
588 690 718 781 ¹Osmod
733 690 806 756 dux
818 691 978 758 consensi
991 699 1026 756 ct
1040 695 1238 776 subscripsi.

191 793 236 875 ᾖ
252 793 328 874 Ego
345 791 473 856 Dudda
498 791 569 854 dux
596 791 755 856 consensi
784 798 820 855 et
845 792 1044 875 subscripsi.
1101 797 1140 876 ›1‹
1162 795 1238 878 Ego

184 889 314 960 Aldred
340 892 498 957 consensi
525 898 560 955 et
583 891 780 974 subscripsi.
839 893 879 974 ›1‹
893 891 969 974 Ego
997 892 1129 958 Oshere
1154 915 1237 962 con·

183 993 276 1058 sensi
300 1000 336 1056 et
360 992 558 1074 subscripsi.
616 993 655 1075 ›1‹
676 992 753 1074 Ego
781 990 998 1058 Aethelwuli
1018 997 1175 1060 consensi
1201 1005 1236 1062 et

182 1093 382 1175 subscripsi.
438 1092 561 1174 &Ego
577 1091 703 1156 Duduc
717 1092 876 1156 consensi
890 1099 926 1156 et
937 1094 1134 1177 subscripsi.
1191 1097 1231 1178 ›1‹

183 1192 259 1276 Ego
287 1193 386 1260 Boba
412 1191 571 1257 consensi
593 1199 628 1259 et
651 1191 849 1274 subscripsi.
906 1195 945 1274 ›1‹
967 1193 1043 1275 Ego
1065 1194 1235 1260 Ealhhere

180 1293 339 1358 consensi
361 1302 396 1359 et
417 1292 616 1375 subscripsi.
673 1294 712 1376 ›1‹
738 1292 814 1376 Ego
838 1292 996 1375 Sigesteb
1016 1297 1174 1359 consensi
1199 1304 1235 1361 et

179 1393 377 1480 subscripsi.
435 1396 474 1475 ›1‹
495 1393 572 1476 Ego
586 1389 761 1458 Atelhard
776 1393 934 1460 consensi
950 1400 986 1458 et
1001 1395 1199 1479 subscripsi.

596 1683 813 1757 CCXXIV.

351 1839 624 1907 ECGBERHT
647 1841 713 1906 oF
736 1831 955 1918 WESSEX,
977 1839 1052 1905 830.

234 1988 343 2072 »ΗΝ
369 1991 506 2055 nomine
530 1991 589 2055 diri
614 1991 665 2056 nii
688 1989 749 2056 ihu
779 1989 839 2079 xpi
868 1991 958 2056 suffri
984 1993 1075 2075 regis
1103 1995 1224 2058 eterni.

174 2085 282 2153 Anno
296 2089 465 2156 dominice
479 2085 638 2156 incarnat
654 2109 844 2157 ccccxix.
860 2086 976 2156 Indici
992 2140 1001 2157 .
1018 2109 1096 2157 v111.
1150 2093 1226 2176 Ego

175 2189 340 2270 ecgberht
362 2211 425 2257 rex
448 2191 712 2257 occidentalium
736 2211 907 2257 saxonum
933 2211 1066 2258 necnon
1086 2199 1122 2256 et
1145 2212 1227 2256 oan-

175 2291 364 2355 tuariorum
378 2339 386 2358 .
402 2291 492 2356 dabo
507 2299 543 2356 et
556 2293 706 2358 concedo
721 2311 798 2356 meo
814 2292 906 2356 fideli
919 2292 1077 2357 ministro
1092 2290 1225 2358 aederic

175 2389 327 2473 aliquam
342 2399 476 2474 partem
490 2398 581 2458 terre
595 2393 680 2457 iuris
702 2393 768 2456 mei
793 2393 829 2456 in
852 2392 1027 2475 prouincie
1049 2395 1224 2458 cantuari»

175 2509 272 2554 orum
290 2490 355 2555 hoc
374 2494 394 2556 s
411 2509 453 2555 .1.
471 2500 624 2557 aratrum
637 2493 674 2557 in
687 2493 764 2558 loco
779 2494 839 2576 qui
855 2492 980 2558 dicitur
990 2492 1185 2556 werahoma
1202 2515 1221 2582 7

174 2589 398 2656 flodhammas
424 2591 461 2655 in
483 2594 727 2677 sempiternam
748 2592 972 2658 hereditatem
997 2592 1223 2658 hereditatem

172 2689 268 2756 illum
284 2691 328 2756 ad
350 2692 520 2756 abendum
542 2701 577 2758 et
601 2693 843 2776 possidendum
865 2692 1077 2776 feliciterque
1091 2692 1127 2756 in
1149 2693 1223 2756 dies

173 2789 246 2854 eius
261 2791 516 2874 perfruendum.
552 2793 599 2859 Et
609 2801 689 2876 post
703 2793 776 2857 dies
792 2795 865 2858 eius
880 2793 1082 2875 cuicumque
1097 2792 1222 2858 herede

172 2890 340 2973 placuerit
351 2893 394 2956 ad
406 2892 707 2978 derelinquendam
721 2941 728 2958 .
740 2893 883 2957 liberam
894 2894 938 2958 ab
949 2893 1040 2957 omni
1054 2893 1222 2960 seruitute

173 2992 281 3074 regali
301 2991 513 3074 supiectione
540 2993 697 3058 liberima
727 2994 891 3077 quamdiu
923 2991 1160 3080 xpiane-fides
1184 2994 1220 3060 in
1279 3029 1283 3038 ·

173 3097 265 3170 terre,
290 3100 450 3157 seruatur
474 3100 615 3158 aeterna
637 3094 724 3159 liher
748 3102 909 3182 pmaueat
936 3141 943 3157 .
969 3093 1033 3158 hoo
1056 3094 1220 3176 illamque

173 3193 330 3257 omnibus
346 3195 600 3259 successorihus
621 3195 701 3260 niis.
754 3195 798 3259 In
818 3193 955 3259 nomine
976 3195 1221 3276 omnipotentis

172 3291 207 3356 di
221 3295 405 3358 obseruare
418 3291 598 3380 pcipimus.
651 3295 697 3358 Et
710 3294 741 3358 si
754 3296 832 3378 quis
846 3295 912 3358 hoc
922 3312 1061 3358 seruare
1072 3295 1220 3358 uoluerit

172 3402 285 3458 seruet
300 3413 378 3458 eum
390 3392 499 3481 omips
514 3393 566 3458 ds.
620 3394 656 3458 Si
672 3397 749 3478 quis
763 3414 846 3458 uero
860 3417 882 3482 p
896 3392 1086 3476 tyranicam
1100 3401 1216 3475 potes·

171 3500 279 3558 tatem
293 3494 443 3577 fringere
468 3503 530 3560 aut
548 3495 700 3560 minuere
724 3495 872 3560 uoluerit
893 3492 989 3557 Sciat
1013 3512 1050 3557 sc
1074 3493 1217 3558 anathe-

171 3602 302 3658 matum
317 3614 433 3659 coram
447 3592 516 3682 xpo
530 3603 565 3660 et
580 3595 712 3677 angelis
727 3596 800 3659 eins
814 3593 881 3659 nisi
896 3599 975 3656 aute
994 3594 1100 3676 digna
1114 3593 1216 3657 satis·

169 3694 319 3759 factione
334 3695 538 3760 aemendare
552 3695 700 3760 uoluerit
715 3694 760 3760 do
782 3703 817 3759 et
839 3693 1033 3758 hominibus
1055 3701 1216 3758 manente

172 3794 252 3859 Hac
266 3795 401 3860 cartula
414 3795 450 3859 in
464 3815 529 3858 sua
542 3793 801 3861 nihilhominum
814 3793 978 3858 firmiteta
992 3795 1154 3858 roborata
1164 3793 1217 3858 his

170 3896 316 3960 testibus
340 3895 634 3961 consentientibus
663 3916 703 3962 ac
731 3893 970 3968 scribentibm
987 3914 1132 3977 quorum
1162 3893 1218 3958 hic

169 3996 309 4060 nomina
322 3995 413 4060 infra
426 3997 556 4079 scripta
569 4003 662 4060 suut.

226 4095 356 4179 ›14Eg0
375 4097 539 4179 ecgberht
563 4111 625 4161 rex
648 4097 738 4160 hanc
763 4114 874 4159 meam
898 4095 1115 4160 donatiouem
1139 4114 1217 4158 cum

169 4195 299 4263 uexillo
314 4197 372 4261 sie
389 4198 498 4262 crucis
513 4194 573 4283 xpi
588 4199 756 4263 roborabo
771 4203 806 4263 et
820 4196 1008 4278 supscribo.
1078 4285 1082 4290 Ι

1045 4310 1068 4355 υ
