3134 5030
338 424 406 490 272
591 439 767 490 οιιιιιιιιι
790 439 1133 488 ιιιιοιιιιοιιιοιιι.

339 597 456 681 aliquo
480 597 639 680 frangere
662 597 718 662 uel
740 597 894 662 minuere
915 597 1115 674 tentauerit,
1130 595 1219 660 sciat
1244 613 1283 658 se
1305 614 1391 658 ana·

338 698 529 782 thematum
544 717 566 762 a
579 698 644 762 deo
658 699 695 762 in
709 697 764 762 die
788 716 926 780 magno,
941 699 1008 764 nisi
1030 704 1112 763 ante
1136 695 1191 760 hic
1215 701 1392 760 correctus

336 818 414 864 cum
428 798 664 864 satisfactione
679 797 927 864 emendauerit.

773 1077 948 1144 coxvr.

402 1196 667 1291 ιιιιὸιιιιιιι
690 1227 755 1291 οι
779 1223 988 1303 ursacii,
1013 1225 1110 1309 Sept.
1125 1225 1220 1304 aoth,
1236 1223 1314 1290 scs.

385 1379 429 1489 fx<
450 1375 495 1440 ΙΝ
510 1377 647 1440 nomine
662 1374 723 1440 iliu
741 1375 812 1458 xpi.
836 1375 1020 1440 saluatoris
1042 1371 1162 1438 muudi
1188 1370 1248 1456 qui
1272 1379 1327 1436 est
1352 1379 1388 1438 et

334 1476 394 1557 qui
419 1483 511 1540 crat.
521 1484 556 1541 et
571 1475 631 1560 qui
651 1483 819 1540 uenturus
835 1483 913 1540 est.
929 1496 991 1558 per
1013 1495 1115 1559 quom
1138 1493 1237 1555 reges
1260 1482 1388 1554 regunt

260 1613 264 1620 ·
333 1582 369 1639 ct
382 1575 541 1641 diuidunt
556 1595 663 1658 regna
677 1583 855 1640 terrarum.
874 1577 963 1640 sicut
985 1575 1205 1658 dispensatur
1224 1573 1386 1638 uniuerse

334 1681 423 1740 terre
438 1675 613 1744 distribuit
629 1676 815 1742 secundum
827 1695 1022 1740 mensuram
1033 1675 1086 1738 sui
1097 1673 1245 1758 propriae
1261 1641 1387 1738 uolun-

331 1775 427 1840 tatis.
442 1776 493 1840 ita
506 1775 616 1840 iedem
632 1775 668 1840 di
683 1777 796 1859 gratia
817 1776 1043 1840 concedente.
1056 1795 1121 1858 ego
1141 1773 1305 1838 ceolwulf
1322 1793 1385 1836 rex

331 1876 535 1940 merciorum
554 1877 611 1939 uel
632 1875 737 1940 etiam
762 1877 1045 1941 contwariorum.
1062 1875 1152 1939 dabo
1175 1881 1211 1938 et
1232 1873 1385 1937 concedo

332 1974 490 2041 uulfredo
503 1976 700 2040 uenerabile
715 1977 856 2090 arcepis.
873 1977 1024 2058 aliquam
1043 1983 1177 2058 partem
1197 1973 1311 2037 terre
1301 1974 1385 2037 ruris

331 2075 408 2139 mei.
424 2076 458 2140 id
475 2083 528 2140 est
545 2093 590 2140 ··u
608 2084 734 2142 aratro.
758 2077 794 2140 in
809 2077 987 2159 prouincio
1001 2076 1136 2141 cantiee
1149 2073 1209 2138 ubi
1224 2075 1384 2137 nomina-

332 2181 390 2239 tur
403 2176 607 2261 mylsntun'
597 2197 634 2240 ιιι
651 2175 790 2259 propria
804 2183 1021 2260 potestatem.
1036 2176 1080 2240 ad
1091 2143 1261 2240 abendum
1272 2175 1385 2256 possi-

329 2274 487 2341 dendum.
505 2277 821 2361 commutandumq.
838 2278 895 2342 uel
917 2277 1020 2342 etiam
1037 2283 1119 2358 post
1133 2295 1170 2340 se
1185 2275 1383 2388 relinquen-

330 2375 410 2439 dam
425 2377 595 2460 cuicumq:
619 2397 651 2441 er
641 2375 827 2442 karorum
843 2378 1011 2462 placuerit
1026 2396 1105 2440 cum
1127 2376 1285 2440 omnibus
1309 2375 1383 2440 usis

330 2476 373 2539 ad
397 2496 472 2540 earn
496 2477 563 2542 rite
589 2479 849 2560 pertinentibus.
878 2497 956 2543 cum
975 2478 1116 2560 campis.
1136 2476 1241 2540 silbis.
1258 2476 1379 2558 pratis.

329 2579 476 2658 pascuis.
501 2579 609 2660 aquis.
634 2577 782 2643 molinis.
803 2578 1059 2661 piscationibus.
1077 2575 1380 2659 aucupationibus.

329 2677 579 2742 uenationibus.
596 2686 632 2743 et
647 2677 803 2761 quicquit
816 2680 853 2742 in
866 2697 903 2742 se
918 2677 1109 2742 abentibus.
1122 2677 1263 2759 insuper
1274 2677 1382 2744 etiam

328 2775 417 2840 hanc
444 2775 594 2864 {idiotam
614 2786 742 2843 terram
762 2779 927 2843 liberabo.
947 2779 992 2842 ab
1016 2778 1110 2842 omni
1132 2777 1300 2842 seruitute
1324 2796 1380 2840 se-

327 2876 494 2942 cularium
510 2898 623 2943 rerum
637 2899 658 2942 a
673 2886 776 2961 pastu
790 2879 882 2962 regis
904 2879 1074 2962 episcopis
1096 2877 1300 2960 principum.
1317 2895 1382 2942 seu

326 2977 515 3059 prefectum
531 2985 742 3044 exactorum.
761 2979 935 3044 ducorum.
950 2997 1126 3044 canorum.
1141 2978 1197 3041 uel
1211 2996 1380 3084 equorum

327 3095 389 3140 seu
406 3079 606 3162 accipitrum
622 3082 666 3144 ab
684 3079 854 3144 refctione
876 3087 911 3144 et
933 3079 1054 3143 habitu
1069 3045 1228 3144 illorum
1226 3077 1380 3150 omnium

327 3195 387 3260 qur
377 3177 556 3243 dicuntur
565 3177 784 3263 iaestingmen
795 3180 839 3243 ab
851 3179 1008 3244 omnibus
1022 3178 1196 3243 laboribus
1208 3179 1378 3260 operibus.

327 3283 363 3342 et
375 3279 592 3344 onedbus.
564 3299 638 3345 srue
660 3279 917 3345 difficultatibus
932 3280 1007 3363 quit
1028 3279 1108 3361 plus
1131 3279 1289 3344 minusue
1312 3297 1378 3342 nu·

325 3379 464 3443 merabo
479 3380 535 3444 uel
552 3380 628 3446 dico
644 3381 689 3445 ab
712 3380 805 3444 omni
826 3379 1057 3462 grauitatibus
1079 3378 1289 3462 magioribus
1313 3379 1379 3442 mi·

324 3475 441 3543 noriis.
463 3480 555 3544 notis
565 3481 694 3563 ignotis
716 3481 832 3563 unliq:
848 3481 995 3545 liberata
1007 3486 1210 3562 permaneat
1224 3479 1261 3542 in
1273 3478 1377 3554 cesum

324 3579 391 3642 nisi
404 3580 434 3644 is
448 3586 612 3663 quattuor
627 3580 740 3645 causis
757 3601 824 3664 que
837 3601 928 3646 nunc
941 3579 1136 3645 nominabo.
1155 3579 1376 3662 expeditione

323 3686 445 3744 contra
459 3698 615 3762 paganos
629 3687 733 3745 ostes.
749 3688 784 3746 et
798 3688 922 3763 pontes
937 3681 1194 3745 constructione
1210 3699 1271 3744 seu
1285 3680 1376 3746 arcis

323 3779 511 3843 munitione
524 3780 581 3844 uel
597 3780 828 3846 destructione
841 3780 878 3845 iu
893 3781 1012 3845 eodem
1032 3789 1135 3862 gente
1150 3787 1186 3845 et
1200 3779 1376 3862 singulare

321 3879 467 3960 pretium
480 3877 574 3944 foras
589 3879 721 3946 reddat.
736 3881 921 3945 secundum
937 3882 1041 3948 ritum
1056 3888 1177 3963 gentes
1191 3879 1293 3944 illius.
1311 3880 1375 3946 AEt

321 3984 437 4042 tamen
450 3978 582 4042 nullam
596 3999 719 4062 penam
735 3980 827 4045 foras
848 3981 950 4046 alicui
972 3982 1149 4063 persoluat
1172 3987 1227 4045 set
1239 3999 1375 4062 semper

321 4077 394 4141 sine
408 4077 534 4161 aliqua.
549 4079 595 4142 ui.
612 4080 715 4144 ullius
727 4100 841 4148 cause
853 4081 1375 4164 1n1ntegrrtatehberetsecura

318 4185 524 4256 perseueret.
532 4179 688 4246 uulfredo
697 4149 849 4265 episcopi
840 4180 1098 4247 etercdibus
1070 4179 1187 4245 erusin
1196 4187 1374 4263 posterum

318 4295 396 4339 cum
418 4277 616 4344 certissimis
638 4281 792 4344 terminis
817 4281 899 4346 suis
916 4283 960 4346 ab
980 4280 1111 4346 oriente
1135 4281 1318 4365 cymesinc.
1336 4280 1374 4345 ιιι
