3112 5032
437 411 609 459 curaris
632 410 973 458 ancnosnxonrcnu.
1161 397 1224 460 161

170 590 237 652 que
258 587 412 634 meorum
434 578 557 636 contra
579 571 669 634 hanc
682 571 774 652 piam
790 571 1010 660 donationem
1024 589 1136 634 meam
1158 590 1217 635 ue-

172 671 245 734 nire
259 669 364 734 suerit
379 688 495 747 ausus,
513 677 549 734 et
565 677 732 734 temerare
755 689 832 733 eam
847 671 964 736 inuido
988 671 1231 753 maliuoloque.

171 769 394 852 temptauerit
404 771 531 847 anima,
543 770 590 833 sit
600 769 786 834 anathema
797 771 1011 835 maranatha.
1053 771 1225 834 Manente

170 870 235 934 hac
249 870 384 934 cartula
395 869 432 932 in
447 869 753 933 suanihilominus
776 869 977 947 stabilitate,
991 889 1096 951 quam
1117 871 1218 948 robo-

170 989 249 1034 rare
268 971 410 1052 propria
427 989 531 1032 manu
546 969 677 1046 curaui,
702 977 737 1033 et
759 971 846 1034 alios
866 970 1008 1033 idoneos
1022 969 1218 1050 religiosos·

170 1089 237 1152 que
263 1076 370 1133 testes
395 1077 435 1133 ut
458 1069 493 1133 id
517 1069 632 1151 ipsum
655 1076 799 1150 agerent
820 1069 973 1146 adhibui,
989 1089 1133 1151 quorum
1156 1089 1221 1133 noe

169 1169 263 1234 mina
276 1168 367 1232 infra
380 1176 546 1232 caraxata
561 1169 792 1232 continentur.
842 1167 971 1232 Actum
994 1187 1084 1232 anno
1106 1169 1216 1232 domi·

170 1270 268 1332 nicae
282 1269 527 1332 incarnationis
541 1284 770 1332 nccuxxv111.
785 1269 821 1331 in
835 1268 977 1333 ciuitate
990 1269 1196 1332 Dorouerni.

225 1369 264 1451 »14
282 1368 358 1450 Ego
375 1366 592 1450 Ecgberhtus
617 1387 680 1430 rex
698 1366 855 1444 Cantiae,
881 1368 969 1433 hanc
995 1369 1215 1432 donationem

170 1487 281 1532 meam
309 1468 408 1549 signo
438 1468 547 1530 crucis
571 1465 701 1530 Christi
727 1468 898 1531 roboraui.
955 1467 1087 1549 ›14Ego
1117 1467 1218 1532 laen·

169 1567 311 1644 berhtus
341 1565 618 1649 archiepiscopus
650 1567 749 1630 testis
777 1567 992 1631 consentiens
1021 1567 1218 1649 subscripsi.

175 1669 215 1748 »14
230 1666 374 1748 Signum
397 1684 520 1729 manus
546 1665 735 1729 Escuualdi
759 1663 961 1749 presbyteri.
1018 1669 1058 1748 »14
1074 1665 1218 1747 Signum

171 1783 293 1829 manus
311 1765 425 1829 Uban.
482 1768 521 1847 »14
538 1764 682 1848 Signum
696 1784 819 1828 manus
836 1765 969 1829 Boban.
1016 1768 1055 1847 »14
1073 1764 1218 1847 Signum

170 1884 293 1929 manus
306 1863 497 1930 Uualhard.
541 1865 580 1947 »14
598 1864 741 1946 Signum
756 1883 879 1928 manus
890 1865 1027 1930 Ubban.
1084 1867 1124 1946 »14
1140 1865 1218 1946 Sig-

170 1985 252 2044 num
265 1982 388 2028 manus
403 1961 558 2027 Aldhun.
584 2000 587 2008 ·
614 1967 653 2046 »14
670 1963 815 2046 Signum
835 1983 958 2028 manus
972 1964 1117 2046 Sigired.
1174 1967 1213 2046 »14

169 2063 315 2146 Signum
331 2081 455 2128 manus
471 2063 567 2126 Esni.
625 2064 664 2146 »14
684 2063 829 2162 Signum
842 2083 965 2128 manus
982 2063 1156 2128 Eaniardi.

515 2341 518 2350 ’
579 2361 814 2427 cxxxmr

338 2510 624 2578 ornnwunr
648 2512 713 2575 on
736 2511 954 2588 wassmn,
975 2509 1053 2576 ars.

237 2659 277 2741 »14
303 2657 386 2722 Hoc
417 2648 555 2741 signum
591 2658 863 2741 suprascriptum
898 2660 1077 2723 sacrosbae
1110 2660 1220 2723 crucis

173 2753 249 2843 xpi
260 2757 297 2820 in
310 2758 445 2822 nomine
464 2761 544 2823 scae
559 2759 724 2823 trinitatis
749 2807 757 2822 .
782 2758 859 2840 Ego
873 2758 1049 2841 cynewulf
1056 2778 1119 2822 rex
1137 2778 1219 2822 sax-

171 2874 276 2920 onum
307 2859 447 2940 propria
474 2878 579 2922 manu
611 2857 727 2946 expssi
761 2845 820 2922 ad¹
844 2857 1076 2924 confirmandi
1111 2859 1219 2922 dona·

171 2955 299 3020 tionem
320 2958 572 3022 munificentiae
585 2979 682 3023 meae
696 2958 765 3041 quii
778 2959 856 3022 dedi
870 2959 970 3022 bican
982 3005 990 3021 .
1004 2957 1121 3021 comiti
1143 2978 1219 3022 meo

172 3072 213 3118 ac
244 3057 411 3122 ministro.
468 3058 610 3122 Donaui
635 3059 726 3122 enim
756 3058 787 3121 ei
814 3074 840 3138 p
868 3057 1065 3139 expiatione
1100 3057 1218 3139 piacu-

172 3155 230 3240 lot
258 3176 312 3221 me
338 3204 480 3222 ......
492 3177 559 3221 no.
578 3164 704 3222 terram
731 3158 768 3220 in
795 3158 875 3221 mod
891 3204 1113 3222 .........
1136 3177 1217 3222 nan.

172 3252 230 3318 Ita
261 3262 301 3319 ut
328 3255 365 3320 in
394 3257 532 3340 proprio
566 3258 742 3339 possideat
769 3276 846 3346 pp.
867 3305 874 3320 .
895 3258 992 3320 ,uali
1020 3304 1215 3322 ........

170 3356 403 3420 commutandi
415 3357 566 3420 donandi
580 3357 749 3421 uendendi
763 3375 842 3420 cum
857 3357 1014 3420 omnibus
1029 3375 1138 3437 quae.
1156 3405 1164 3420 .
1182 3405 1190 3420 .
1210 3405 1217 3420 .

173 3455 427 3537 ...linquendi
462 3455 519 3520 cui
537 3504 675 3520 ......
692 3454 837 3520 ὴθτθᾱίζ
857 3504 972 3519 .....
993 3455 1045 3519 sio
1076 3457 1113 3518 in
1141 3456 1217 3519 loco

171 3555 230 3637 qui
244 3555 369 3619 dicitur
380 3604 387 3620 .
397 3555 596 3620 bedewindc
611 3555 742 3622 ,incola
759 3603 854 3618 .....
866 3555 975 3638 ipsius
991 3560 1142 3617 curtem.
1160 3603 1168 3616 .
1188 3602 1216 3618 ..

170 3673 226 3717 err
242 3701 357 3718 .....
373 3669 472 3719 tuun.
523 3655 763 3737 Terminisque
775 3655 852 3718 istis
872 3655 1005 3737 agellus
1018 3654 1092 3735 ipse
1109 3701 1116 3716 .
1133 3671 1216 3716 xur.

169 3755 303 3818 maneb.
316 3775 405 3819 mem
408 3803 521 3822 .....
539 3754 653 3836 [Here
667 3755 783 3818 follow
800 3755 859 3818 the
872 3753 1106 3833 boundaries]

221 3852 314 3918 Acta
341 3902 478 3919 ......
482 3854 579 3919 ¹baec
595 3903 710 3920 .....
727 3855 857 3936 scripta
881 3873 971 3918 anno
995 3854 1038 3916 ab
1060 3853 1218 3916 incarna-

170 3951 242 4017 tion
267 3951 327 4041 xpi
344 3971 613 4019 ,ncomxxuun
635 3955 754 4018 indict.
777 3971 802 4017 1.
834 3953 1163 4018 consentientibus..
1183 4001 1217 4018 ..

171 4071 217 4116 na
232 4101 241 4118 .
259 4101 267 4118 .
287 4074 444 4118 ‚mecum
468 4055 638 4137 episcopis
661 4073 702 4118 ac
721 4054 932 4136 principibus
945 4053 1030 4116 meis
1045 4071 1137 4134 quon
1158 4073 1220 4117 no·

170 4153 263 4221 nina
277 4154 396 4219 subter
409 4155 603 4237 designant.
650 4154 688 4218 Si
702 4155 779 4236 quis
793 4155 838 4216 iio
853 4153 938 4236 regii
958 4159 1019 4224 out
1031 4153 1222 4237 principum

1050 4270 1076 4314 u
