3134 5030
442 421 614 472 orrlnrnn
636 421 976 470 Anonosnxourcnn.
1080 464 1090 474 .
1175 407 1241 472 287

185 586 289 661 patur
315 577 480 661 Certescg
505 587 676 656 onomate,
706 579 890 663 omniaque
916 578 960 642 ad
987 579 1076 643 idem
1100 599 1238 650 monas-

185 679 309 744 terium
335 678 400 744 rite
426 680 646 762 pertinentia,
675 678 818 763 eiusque
842 679 993 744 familiae
1023 681 1239 746 uenerandae

186 781 250 843 suh
274 779 433 844 custodia
455 781 642 862 primorum
666 780 872 863 regulariter
888 801 965 844 cum
990 787 1085 846 metu
1107 779 1238 845 Christi

185 879 395 961 degentium,
416 879 577 945 uidelicet
593 880 637 944 ad
659 881 947 944 sustentationem
961 880 1055 944 illius
1068 881 1237 960 coenobii,

186 998 249 1061 pro
269 999 386 1044 amore
405 977 548 1058 Christi,
571 979 692 1044 libenti
709 980 823 1044 animo
841 979 991 1043 concedo
1016 985 1052 1043 et
1072 981 1238 1045 confirmo

188 1097 256 1160 quo
278 1079 351 1144 illic
374 1079 583 1144 unanimiter
604 1080 741 1144 domino
763 1080 953 1144 seruientee
977 1099 1040 1161 pro
1058 1079 1144 1143 meis
1167 1101 1237 1145 non

186 1177 357 1244 desistant
368 1178 576 1244 interuenire
589 1179 842 1262 peccaminibus
865 1186 970 1261 atque
991 1178 1236 1243 offensionibus

186 1277 382 1343 innumeris
436 1279 517 1343 Hoc
538 1281 644 1344 etiam
657 1278 693 1342 in
706 1279 776 1342 ista
789 1278 986 1343 donationis
1006 1286 1041 1342 et
1055 1279 1235 1343 confirma-

186 1376 293 1442 tionis
307 1377 452 1454 cartule,
466 1386 507 1442 ut
527 1379 558 1443 si
580 1378 765 1461 aliquando
779 1377 917 1459 aliquis,
931 1377 1023 1461 quod
1038 1379 1140 1454 absit,
1156 1397 1237 1442 sua·

187 1477 282 1543 sione
301 1476 472 1545 diabolica
486 1479 543 1544 uel
562 1476 730 1542 auaritiae
751 1476 903 1542 fascibus
924 1496 1102 1555 accensus,
1118 1497 1238 1558 regum

187 1595 424 1642 successorum
445 1579 482 1642 in
499 1597 625 1660 magno
638 1577 695 1640 uel
708 1578 744 1640 in
758 1577 903 1654 modico,
918 1577 955 1642 ui
969 1577 1026 1640 uel
1045 1576 1238 1656 uoluntate,

187 1676 341 1742 minuere
366 1679 599 1760 temptauerit,
624 1678 712 1742 sciat
735 1697 773 1741 se
798 1696 820 1742 a
846 1675 976 1740 Christi
1003 1677 1176 1741 consortio
1203 1685 1239 1742 ct
1322 1685 1325 1690 '

187 1777 339 1842 omnium
356 1786 554 1842 sanctorum
571 1784 781 1860 separatum,
803 1784 938 1841 etcum
960 1775 1049 1840 Iuda
1073 1777 1239 1841 traditore

191 1875 227 1940 in
241 1875 376 1941 inferno
390 1876 543 1942 infcriori
564 1878 801 1960 dampnatum,
818 1876 885 1940 nisi
907 1882 990 1940 ante
1004 1875 1240 1940 satisfactione

190 1975 297 2056 digna
308 1977 512 2059 plenerrime
525 1977 767 2042 emendauerit.
818 1973 911 2042 Acta
921 1982 976 2040 est
988 1975 1074 2039 haec
1084 1975 1242 2058 praefata

189 2074 330 2143 donatio
352 2083 389 2142 et
414 2077 629 2141 confirmatio
657 2096 749 2141 anno
777 2076 821 2140 ab
847 2075 1085 2141 incarnatione
1111 2075 1241 2139 domini

188 2191 398 2242 ncocxxvu.
415 2176 480 2241 hiis
495 2176 799 2241 consentientibus.

238 2275 315 2357 Ego
339 2274 584 2342 Aetheluulfns
612 2296 675 2340 rex
704 2275 793 2340 hanc
820 2273 991 2339 libertatis
1020 2273 1240 2337 donationem

186 2381 222 2439 et
243 2376 538 2444 confirmationem
560 2377 690 2442 uexillo
712 2381 854 2440 sanctae
873 2373 985 2438 crucis
1003 2373 1180 2438 subscribo
1203 2381 1238 2436 et

187 2475 351 2542 confirmo
370 2477 423 2559 ᾖ.
484 2478 562 2560 Ego
587 2477 802 2543 Suuithunus
824 2474 1005 2556 episcopus
1026 2473 1238 2537 Uuintoniae

187 2575 364 2641 subscribo
378 2578 434 2659 ιιι.
486 2578 563 2660 Ego
583 2576 831 2642 Aethelstanus
853 2573 1035 2656 episcopus
1049 2572 1237 2655 Scyrebur-

187 2675 265 2741 niae
276 2678 451 2742 subscribo
465 2680 520 2759 ᾖ.
566 2677 643 2760 Ego
658 2674 854 2739 Hunfridus
869 2674 975 2738 abhas
990 2671 1166 2737 subscribo
1180 2673 1234 2752 ᾖ.

189 2774 265 2858 Ego
279 2777 478 2843 osmundus
491 2778 659 2860 presbiter
674 2774 852 2842 subscribo
863 2774 918 2856 ᾖ.

535 3083 536 3090 ’
602 3070 830 3138 CCXXIII.

372 3217 643 3288 ECGBERHT
666 3217 730 3282 OF
752 3215 1059 3296 WEssEx,828.

246 3372 285 3451 ›1‹
302 3368 347 3434 ΙΝ
373 3370 510 3437 nomine
536 3368 664 3435 domini
690 3367 801 3434 nostri
828 3366 934 3430 Ihesn
960 3363 1101 3428 Christi.
1163 3364 1239 3444 Ego

193 3467 408 3551 Ecgberbtus
434 3470 548 3551 gratia
572 3469 626 3533 dei
651 3487 714 3534 rex
740 3465 947 3548 Anglorum,
971 3483 1049 3528 cum
1071 3482 1241 3529 consensu

191 3569 428 3652 episcoporum
451 3589 492 3634 ao
514 3568 707 3653 principum
733 3585 899 3640 meorum,
922 3563 1012 3627 hanc
1041 3563 1239 3630 libertatem

190 3669 316 3735 donabi
336 3669 523 3738 aecclesiae
547 3688 635 3751 qnae
650 3669 718 3737 sita
747 3673 801 3732 est
826 3665 863 3730 in
889 3663 1030 3728 ciuitate
1054 3662 1180 3738 Hrobi,
1203 3670 1239 3730 et

192 3768 349 3834 omnibus
367 3769 489 3851 agellis
518 3786 606 3852 qnae
634 3768 678 3832 ad
709 3765 910 3832 aecclesiam
940 3762 1052 3828 sancti
1080 3761 1240 3827 Andreae

192 3869 342 3950 apostoli
365 3870 551 3953 pertinent,
580 3888 641 3951 pro
669 3866 818 3932 remedio
842 3865 977 3930 animae
999 3881 1095 3929 meae
1115 3869 1150 3926 et
1179 3862 1240 3926 filii

191 3968 300 4034 nostri
315 3967 540 4046 Aetheluulfi,
554 3987 655 4051 quem
666 3987 782 4050 regem
794 3965 1034 4033 constituimus
1049 3963 1085 4030 in
1102 3961 1239 4037 Cauiis,

192 4075 231 4136 ut
245 4089 364 4134 omnes
379 4089 485 4151 agros
504 4069 574 4136 sint
594 4068 702 4132 libera
723 4068 767 4131 ab
793 4065 886 4134 omni
908 4063 1018 4147 regali
1040 4061 1193 4139 seruitio,
1220 4080 1241 4124 a

191 4176 294 4251 pastu
309 4190 430 4252 regum
443 4177 479 4238 et
493 4167 697 4253 principum,
713 4167 838 4236 ducum
853 4173 889 4230 et
899 4163 1121 4249 praesectum,
1137 4181 1240 4227 exac-
