3188 5032
315 405 381 471 110
576 423 748 472 CHARTAE
771 425 1113 474 Ancmsaxortroan.

740 629 744 638 '
780 647 910 716 xcrr.
958 631 960 636 '

693 813 714 857 s
738 811 911 891 nrnnn,
935 813 1012 877 744.

372 985 412 1067 ›1‹
424 977 682 1065 Ounuquidem
691 983 865 1047 decretum
875 983 1156 1049 commutationis
1165 991 1271 1068 atque
1279 1005 1373 1051 com-

316 1085 480 1148 mercium
502 1084 701 1166 temporalis
721 1083 971 1166 negociationis
990 1084 1081 1148 inter
1099 1084 1263 1150 mortales
1283 1087 1372 1152 solet

316 1184 471 1267 apicibus
481 1183 713 1247 inextricabili
721 1183 853 1248 scilicet
861 1184 1016 1249 roborari
1026 1183 1174 1262 foedere,
1184 1186 1372 1250 secundum

317 1285 509 1367 antiquitus
521 1283 697 1361 collatum,
708 1303 752 1347 ne
765 1283 854 1349 forte
866 1285 1082 1348 nascentium
1097 1285 1234 1349 soboles
1245 1285 1371 1350 delicto

316 1384 479 1449 falsitatis
494 1382 695 1466 ignorantes
718 1384 1008 1462 contaminentur,
1030 1403 1235 1468 rursumque
1250 1386 1370 1469 damp-

317 1503 401 1549 nare
414 1491 584 1549 conentur
594 1501 683 1566 quae
694 1482 763 1548 fida
773 1485 865 1549 inter
877 1503 915 1547 se
926 1485 1112 1567 primorum
1123 1486 1294 1550 autoritas
1305 1487 1368 1551 sub

316 1585 429 1649 almae
443 1582 626 1649 Trinitatis
637 1585 889 1649 contestatione
899 1585 1017 1649 stabili
1025 1586 1205 1650 constituit
1216 1586 1308 1666 iure;
1326 1588 1370 1651 ob

316 1683 382 1748 hoc
398 1692 515 1749 autem
531 1685 612 1767 [ego
627 1682 742 1765 Hilla]
759 1684 981 1750 militantium
1000 1684 1139 1750 Christo
1153 1684 1291 1750 humilis
1308 1706 1370 1750 an·

315 1784 408 1862 cilla,
423 1785 558 1848 sincera
571 1784 702 1848 scilicet
716 1785 912 1862 deuotione,
923 1784 1063 1867 placata
1073 1786 1208 1867 praetio
1220 1788 1371 1851 muneris

316 1885 461 1968 accepti,
476 1884 635 1967 exemplo
658 1885 796 1967 prolati,
816 1903 894 1949 cum
916 1885 1128 1958 conscientia
1147 1885 1311 1950 uidelicet
1331 1903 1393 1950 acv

316 1985 425 2067 regali
435 1984 576 2055 licentia
590 1985 664 2048 eius
677 1986 737 2066 qui
746 1985 970 2049 Britannicae
985 1985 1120 2049 insulae
1132 1985 1369 2050 monarchiam

315 2083 505 2167 dispensat,
521 2085 716 2168 regalisque
728 2086 827 2167 regni
841 2085 1011 2167 regimina
1026 2086 1211 2167 gubernat,
1226 2084 1370 2150 Aethel·

315 2184 422 2262 baldi,
436 2185 777 2268 uenerandorumque
790 2176 988 2249 antistitum
999 2185 1196 2250 testimonio
1206 2205 1247 2250 ac
1257 2186 1370 2269 digni-

315 2290 429 2349 tatum
450 2303 633 2362 consensu,
649 2304 713 2367 pro
728 2284 962 2368 redemptione
975 2285 1110 2348 animae
1124 2305 1221 2350 meae
1236 2306 1371 2351 eorum·

317 2403 384 2466 que
398 2383 559 2450 uidelicet
578 2385 638 2468 qui
659 2384 743 2449 mihi
764 2385 1007 2450 contribulium
1022 2404 1063 2449 ac
1079 2386 1371 2452 necessitudinum

316 2485 464 2549 nexibus
491 2485 721 2567 conglutinati
747 2492 841 2562 sunt,
863 2485 900 2549 in
922 2484 1081 2550 stabilem
1106 2487 1370 2568 possessiouem,

316 2585 406 2648 ruris
430 2585 635 2666 portionem,
663 2583 700 2648 id
728 2592 794 2662 est,
816 2584 1112 2668 Baldlreresberge
1136 2593 1172 2650 et
1194 2585 1370 2652 Scobban·

317 2684 466 2762 uuirthe,
478 2687 543 2748 sub
557 2685 674 2750 decem
683 2686 896 2750 manentium
908 2686 1148 2751 aestimatione
1162 2693 1257 2750 certa
1266 2693 1367 2751 taxa-

318 2792 403 2863 tam,
423 2803 502 2849 cum
522 2784 791 2869 adstipulatione
809 2785 988 2849 literarum
1009 2792 1044 2850 et
1058 2785 1259 2850 idoneorum
1273 2788 1371 2852 testi·

316 2903 388 2962 um,
415 2882 617 2950 Guniberhti
641 2885 788 2963 abbatie,
817 2885 948 2962 Bosan,
976 2885 1096 2963 Uitan,
1122 2886 1365 2965 Uualcstodcsr,

317 2983 510 3062 Tidbertes,
533 2986 763 3063 sacerdotum,
785 2993 821 3050 et
838 2984 954 3049 Tidan
974 2986 1176 3069 praepositi,
1201 2985 1369 3051 Cuthuui·

316 3084 439 3168 nisque
459 3086 606 3164 comitis,
628 3087 663 3150 in
688 3086 809 3151 absida
835 3084 995 3150 dedicata
1012 3086 1151 3169 quidem
1174 3088 1369 3170 patrocinio

317 3185 520 3250 eximiorum
547 3186 782 3269 apostolorum
816 3184 913 3250 Petri
939 3193 975 3250 et
999 3185 1113 3265 Pauli,
1141 3187 1205 3251 sub
1225 3207 1370 3269 quorum

225 3319 230 3334 ι
317 3286 514 3366 praesentia
533 3285 635 3350 huius
649 3287 803 3350 cartulae
825 3285 1047 3350 donationem
1070 3287 1193 3351 altario
1212 3286 1270 3351 dei
1290 3308 1370 3370 pro-

316 3385 393 3467 pria
405 3405 521 3474 manu,
534 3386 693 3452 ultronea
707 3387 900 3463 uoluntate,
918 3387 955 3450 in
976 3387 1032 3451 die
1054 3393 1155 3451 sexto
1171 3385 1257 3452 Idus
1274 3385 1367 3466 Iulii,

316 3484 451 3549 liberali
458 3487 692 3552 munificentia
703 3487 850 3552 libenter
861 3486 1005 3567 tradidi;
1022 3505 1063 3552 ae
1074 3486 1224 3552 familiae
1233 3507 1321 3570 quae
1332 3489 1370 3551 in

316 3587 524 3650 monasterio
532 3586 809 3669 Glastingaburg
819 3588 884 3651 sub
899 3587 1064 3671 simplicis
1078 3586 1369 3653 archimandritae
1498 3581 1512 3610 '

315 3684 491 3770 dispositis
499 3687 629 3769 regulis
639 3685 869 3764 Tunberhtes,
883 3684 976 3751 fideli
986 3687 1052 3752 deo
1065 3687 1254 3752 famulatur
1266 3689 1369 3752 obse·

316 3785 417 3867 qui03
440 3786 492 3850 ita
509 3794 550 3851 ut
571 3807 616 3851 ex
635 3785 701 3851 hoc
717 3787 774 3851 die
793 3784 999 3854 inconuulso
1017 3787 1094 3851 iure
1110 3781 1369 3871 praefata-pos·

315 3886 424 3950 sessio
438 3885 546 3969 ipsius
566 3887 766 3952 monasterii
785 3886 905 3951 usibus
923 3889 1150 3971 mancipetur.
1204 3887 1368 3952 Eiusdem

315 4003 464 4069 namque
478 3987 611 4052 numeri
622 3994 838 4052 cassatorum
851 3987 1022 4052 calculum
1037 3988 1074 4051 in
1088 3988 1174 4052 locis
1184 3981 1245 4070 qui
1253 3989 1368 4071 prisco

315 4085 484 4149 uocabulo
509 4085 688 4152 Lotisham
710 4096 746 4155 et
759 4087 962 4152 -Ledenford
983 4087 1216 4166 nominantur,
1243 4088 1370 4172 reliqui

252 4259 255 4263 ¹
316 4183 495 4268 dimisique
524 4186 666 4254 arbitrio
691 4186 914 4256 Aethelbaldi
944 4189 1048 4270 regis.
1116 4187 1216 4252 Haec
1251 4195 1368 4253 autem
