3188 5032
346 425 410 495 132
599 436 774 487 cunnrnu
792 434 1138 485 ,nuouosnxomcna

345 598 424 663 ideo
441 615 511 660 non
526 594 706 660 scribimus
722 594 805 677 quia
821 594 973 678 undique
995 594 1039 657 ab
1061 592 1184 657 incolis
1206 592 1280 656 sine
1300 590 1399 654 dubi-

347 697 490 763 tationis
502 696 663 779 scrupulo
673 694 757 760 certi
773 702 870 760 sunt:
897 694 1047 759 etunius
1063 693 1152 757 carri
1169 692 1348 758 introitum
1362 692 1399 754 in

296 829 300 836 ·
348 798 439 862 silua
463 816 553 879 quae
575 795 770 878 appellatur
795 795 972 876 Saenling.
1011 793 1219 876 Quicunque
1239 811 1321 856 uero
1346 811 1399 855 se·
1417 796 1433 826 ⁵

350 898 528 981 quentium
542 915 662 978 regum
675 895 732 959 uel
754 894 1004 977 cpiscoporum,
1019 901 1080 958 aut
1095 894 1219 977 aliquis
1234 893 1403 957 saeculari

350 1001 523 1080 potestate
555 997 677 1073 iretuS,
705 995 791 1058 haec
819 1003 958 1058 nostrae
984 994 1179 1059 donationis
1208 993 1337 1075 scripta
1366 992 1402 1055 in

351 1098 469 1180 aliqua
481 1104 580 1179 parte
594 1095 759 1172 minuere,
774 1095 865 1177 quod
882 1095 984 1172 absit,
996 1093 1053 1157 uel
1066 1094 1165 1158 irrita
1177 1093 1291 1158 facere
1305 1092 1401 1156 nisus

352 1197 467 1274 fucrit,
480 1197 517 1260 in
532 1197 650 1279 primis
671 1197 759 1260 iram
773 1195 828 1258 dei
841 1196 1008 1272 incurrat,
1028 1202 1064 1258 et
1083 1213 1106 1257 a
1126 1201 1228 1259 coetu
1250 1193 1401 1258 omnium

353 1304 550 1362 sanctorum
566 1303 779 1378 segregetur,
802 1302 837 1358 et
856 1295 944 1360 sciat
958 1315 995 1358 se
1010 1295 1298 1377 praesumptionis
1320 1313 1403 1357 suae

353 1405 434 1462 ante
449 1397 599 1462 tribunal
615 1394 745 1460 Christi
763 1395 799 1458 in
822 1396 877 1459 die
894 1394 1011 1460 iudicii
1033 1394 1202 1459 rationem
1227 1414 1302 1458 esse
1327 1394 1404 1458 red·

353 1498 516 1562 diturum.
569 1497 706 1578 Scripta
725 1503 841 1560 autem
867 1502 920 1560 est
943 1495 1028 1559 haec
1053 1494 1187 1559 cartula
1208 1494 1405 1558 donationis

354 1617 446 1663 anno
464 1597 708 1677 xxxv1⁰regni
720 1596 841 1673 nostri,
851 1595 906 1660 die
915 1598 996 1658 V111⁰
1006 1593 1242 1660 Kalendarum
1252 1591 1406 1675 Augusti

354 1698 391 1761 in
404 1697 546 1762 ciuitate
560 1697 767 1761 Dorouerni.
813 1695 936 1761 Testes
956 1715 1039 1759 uero
1052 1696 1095 1759 ad
1110 1696 1405 1760 confirmationem

317 1837 319 1841 ·
355 1783 446 1862 insti
460 1797 654 1861 nominatos
671 1796 823 1861 adhibui.
1402 1797 1404 1800 ’

412 1899 451 1980 ›1‹
468 1896 544 1979 Ego
564 1897 758 1962 Eadbertus
774 1916 837 1960 rex
859 1887 949 1960 h'auc
973 1896 1192 1960 donationem
1210 1914 1321 1959 meam
1343 1915 1409 1959 uo-

355 1998 430 2061 lens
454 1997 666 2074 confirmare,
679 1997 828 2080 'propria
850 2016 955 2060 manu
974 1997 1112 2078 signum
1135 2002 1276 2060 sanctae
1296 1996 1408 2059 crucis

356 2096 523 2180 expressi.
566 2100 605 2178 ›1‹
621 2098 697 2179 Ego
714 2097 956 2178 Bregouuinus
969 2096 1245 2179 archiepiscopus
1262 2115 1410 2172 consen«

356 2197 387 2260 si
403 2204 438 2261 et
453 2197 651 2280 subscripsi.
709 2199 749 2280 ›1‹
766 2197 842 2279 Ego
858 2196 1054 2261 lambertus
1077 2197 1184 2260 abbas
1209 2196 1409 2278 subscripsi.

362 2299 401 2380 ›1‹
418 2297 564 2378 Signum
578 2316 701 2360 manus
717 2297 828 2361 Bruni
850 2297 998 2362 abbatis
1055 2300 1094 2378 ›1‹
1111 2296 1256 2379 Signum
1282 2314 1408 2360 manus

357 2397 532 2461 Escuuald
547 2397 738 2480 presbiteri.
796 2400 835 2478 ›1‹
852 2397 997 2479 Signum
1012 2415 1135 2461 manus
1151 2397 1244 2459 Esne
1259 2397 1410 2462 comitis.

362 2499 401 2577 ›1‹
426 2497 571 2579 Signum
606 2516 729 2561 manus
771 2496 971 2561 Baldhardi.
1043 2497 1082 2578 ›1‹
1107 2496 1253 2578 Signum
1284 2515 1410 2560 manus

358 2596 525 2664 Hearcdi.
583 2598 623 2679 ᾖ
639 2597 784 2680 Signum
801 2597 977 2664 Eadberti.

820 2801 941 2812 .-

621 2949 625 2957 ·
726 2915 729 2920 “
817 2935 960 3003 cv111.

528 3106 894 3214 Auunrnnnnnu
914 3109 981 3207 ou
1005 3109 1247 3190 numurus.

369 3277 451 3372 ’,ᾖ
467 3283 512 3348 Iu
529 3283 804 3348 nominedomini
819 3285 928 3349 nostri
944 3285 1026 3351 Iesu
1042 3284 1191 3350 Christi!
1230 3284 1420 3350 Possessio¹
1542 3271 1543 3278 ἵ

361 3384 529 3466 quaedam
545 3392 598 3448 est
609 3392 721 3449 terrae
735 3385 772 3447 in
781 3385 921 3467 regione
933 3406 999 3468 que
1013 3393 1158 3450 uocatur
1167 3385 1262 3463 cert,
1273 3406 1420 3452 monas-.
1542 3427 1543 3470 3

361 3485 438 3549 terii
454 3484 584 3550 scilicet
592 3486 771 3549 beatorum
787 3485 884 3550 Petri
893 3493 928 3564 ct
941 3486 1044 3549 Pauli
1058 3485 1306 3568 apostolorum,
1320 3487 1418 3574 quod

360 3585 464 3650 situm
487 3591 541 3648 est
561 3585 638 3666 [ad]
655 3584 821 3649 orientem
838 3585 990 3651 ciuitatis
1011 3587 1236 3650 Dorouernis
1283 3586 1328 3650 In
1347 3587 1419 3652 hac
1542 3617 1543 3660 n

361 3692 476 3753 autem
491 3693 584 3749 terra
594 3684 739 3749 habetur
752 3686 893 3763 molina,
901 3686 999 3751 cuius
1014 3686 1141 3768 quippe
1155 3686 1257 3750 semis
1269 3686 1422 3768 utilitaS,

361 3785 396 3850 id
419 3792 472 3850 est
485 3784 627 3849 dimidia
649 3804 730 3867 pars
752 3785 980 3863 molendinas,
1002 3803 1024 3850 a
1043 3786 1298 3868 possessoribus
1312 3807 1424 3870 praes

362 3885 425 3950 sati
441 3885 641 3950 monasterii
657 3904 698 3949 oc
712 3893 824 3950 terrae
839 3886 939 3950 huius
955 3886 1000 3950 ud
1014 3886 1133 3951 uillam
1156 3888 1307 3970 regalem
1324 3907 1426 3970 quae

362 3994 507 4051 uocatur
516 3984 637 4069 Uuyth
654 3986 782 4049 tradita
796 3993 872 4066 est3
891 4007 955 4069 pro
970 3986 1034 4050 hac
1043 3987 1204 4053 uidelicet
1218 3987 1425 4054 conditione
1542 4025 1543 4028 π

362 4092 466 4168 atque
491 4084 771 4162 commutatione,
791 4095 832 4151 ut
850 4086 952 4151 homo
963 4087 1022 4151 ille
1037 4087 1097 4170 qui
1113 4088 1202 4151 hanc
1224 4095 1364 4166 terram,
1378 4089 1425 4154 in
1542 4155 1543 4160 ,

363 4205 432 4272 qua
444 4185 574 4250 molina
588 4193 653 4264 est,
670 4186 941 4268 tributarioiure
961 4194 1067 4266 tenet,
1084 4188 1187 4254 unius
1202 4189 1427 4272 gregis-por:
