3112 5032
418 444 953 496 cnrnrnnnucuosrxourcnn.
1147 427 1211 491 191

604 648 778 714 CLVIII.

258 821 555 890 BEORHTRIC
579 822 643 888 OF
667 823 885 900 WESSEX,
900 822 1017 888 before
1031 823 1108 887 790.

208 992 247 1072 »Β
262 998 468 1063 RncNANTn
482 998 519 1061 in
534 1005 739 1080 perpetuum
754 996 983 1080 omnipotenti
996 994 1081 1059 deo!
1132 995 1208 1078 Ego

157 1099 393 1175 Beorhtricus,
408 1098 518 1180 regali
536 1097 645 1162 fretus
667 1098 849 1180 dignitate,
874 1097 917 1161 dc
936 1103 1030 1160 terra
1041 1095 1126 1160 iuris
1141 1097 1209 1161 mei

157 1219 262 1283 quam
289 1199 570 1281 praedecessores
596 1199 662 1262 mei
689 1206 794 1281 atque
820 1196 1006 1280 propinqui
1025 1195 1110 1260 mihi
1133 1196 1208 1260 iure

158 1299 386 1364 haereditario
417 1297 659 1381 possidendam
687 1300 913 1381 reliquerunt,
945 1297 1098 1380 aliquam
1128 1316 1209 1379 por·

157 1402 286 1465 tionem
301 1399 448 1464 Hcmele
461 1399 659 1464 fidelissimo
673 1399 820 1482 principi
829 1418 905 1463 meo
922 1395 1211 1480 sempiternaliter

157 1499 398 1584 possidendam
420 1499 567 1582 largitus
590 1519 679 1577 sum,
693 1498 854 1577 habendi,
869 1497 1033 1575 donandi,
1056 1517 1209 1562 commu-

158 1600 255 1666 tandi
269 1619 310 1664 ac
325 1607 405 1683 post
413 1619 451 1664 se
463 1599 680 1681 relinquendi
693 1599 895 1682 cuicumque
910 1598 1089 1682 placuerit,
1104 1597 1140 1661 id
1155 1604 1209 1662 est

160 1717 297 1766 xxxvl.
323 1707 489 1764 cassatos.
528 1698 610 1765 Hoc
628 1707 744 1764 autem
763 1699 829 1764 feci
848 1719 911 1783 pro
930 1699 1023 1762 illius
1044 1697 1210 1780 petitione

163 1821 226 1865 nec
250 1806 374 1864 non-et
397 1820 460 1882 pro
484 1800 560 1864 uice
586 1801 727 1865 alterius
751 1801 848 1882 agri3
874 1799 934 1881 qui
953 1797 1115 1862 uidelicet
1129 1815 1213 1878 ager

159 1902 250 1965 iacet
276 1901 377 1966 iuxta
415 1898 543 1965 flumen
574 1901 666 1984 quod
703 1899 897 1983 appellatur
925 1898 1075 1962 Meonca
1110 1896 1211 1979 quasi

112 2022 116 2036 ·
160 2018 317 2066 xxx1111.
340 2007 566 2077 cassatorum,
584 2019 686 2082 quem
702 2000 767 2064 sibi
780 2000 851 2063 iam
865 2005 947 2064 ante
964 1995 1138 2061 Kineuuls
1148 2015 1211 2060 rex

159 2121 237 2167 cum
264 2101 450 2166 multorum
473 2101 659 2182 peritorum
684 2099 910 2164 affirmatione
935 2097 1059 2162 deuote
1087 2115 1209 2160 conce·

160 2202 275 2279 debat,
309 2208 344 2266 et
367 2202 411 2265 ab
435 2220 476 2265 co
500 2201 633 2283 acecpit
658 2198 829 2282 praetium
851 2199 888 2262 in
907 2216 1002 2292 auro·
1016 2196 1212 2280 purissimo.

162 2301 230 2366 Sed
245 2301 331 2366 hacc
345 2299 545 2384 supradicta
559 2306 652 2364 terra
667 2297 862 2365 Beorhtrici
876 2297 1072 2363 donationis
1095 2296 1212 2378 aliqua

160 2421 240 2484 pars
266 2408 320 2466 cst
343 2401 445 2466 iuxta
460 2399 716 2464 Hissaburnam
742 2399 780 2464 in
802 2397 941 2462 modum
962 2413 1069 2461 xxvn
1095 2413 1212 2461 cassa-

161 2510 287 2566 torum.

215 2603 255 2682 ›1‹
276 2602 352 2683 Ego
377 2598 599 2665 Beorhtricus
629 2619 692 2664 rex
723 2598 813 2664 hanc
848 2594 1071 2661 donationem
1096 2613 1209 2660 meam

159 2701 306 2784 propriis
328 2701 521 2765 litterarum
543 2700 774 2765 caracteribus
798 2697 971 2776 roboraui,
997 2703 1034 2760 et
1057 2695 1212 2776 singrasa

160 2802 270 2866 crucis
295 2800 506 2866 confirmaui.
585 2800 624 2880 ›1‹
649 2800 795 2881 Signum
828 2815 952 2862 manus
988 2793 1210 2860 Aethclmodi

159 2901 322 2984 episcopi.
380 2900 419 2980 ›1‹
436 2900 581 2982 Signum
596 2919 718 2964 manus
736 2897 942 2964 Kineberhti
957 2895 1121 2980 episcopi.
1163 2896 1205 2976 ›1‹

160 3001 305 3083 Signum
332 3018 455 3064 manus
486 3000 633 3066 Hemele,
661 3000 808 3084 patricii.
858 2998 898 3078 ›1‹
916 2997 1061 3079 Signum
1087 3014 1210 3059 manus

162 3101 307 3166 Uuorris
340 3100 516 3184 principis.
593 3101 814 3183 ›14'Signum
848 3115 972 3162 manus
1014 3094 1212 3161 Beornfridi

160 3200 336 3284 praefecti.
393 3200 432 3280 ›1‹
456 3201 601 3282 Signum
629 3205 754 3265 manus
793 3198 984 3280 Lunlinges
1023 3195 1211 3278 subreguli.

166 3301 205 3381 ›1‹
224 3300 369 3383 Signum
399 3318 522 3366 manus
546 3300 734 3383 Uuiigsridi
767 3298 944 3383 praelecti.
1011 3299 1051 3378 ›1‹
1067 3295 1213 3379 Signum

161 3419 284 3466 manus
300 3399 514 3483 Uuingbaldi
531 3400 678 3466 comitis.

627 3575 749 3588 u-

624 3655 762 3763 onix.

427 3843 430 3849 ·
541 3851 563 3894 r
588 3847 731 3928 osen,
751 3848 828 3913 790.

217 4007 257 4088 ›1‹
271 4005 349 4069 Eeo
363 4002 443 4068 Offa
457 4021 520 4066 rex
534 3998 735 4082 'Anglorum
754 4011 895 4061 ncoxc.
913 4009 1005 4056 anno
1023 3986 1215 4053 dominicae

159 4103 419 4183 incarnationis,
443 4102 553 4168 nostri
576 4107 692 4164 autem
717 4097 816 4180 regni
843 4094 898 4158 dei
922 4090 1037 4174 gratia
1059 4087 1214 4154 concessi

162 4222 341 4270 xxx.v111.
357 4204 516 4287 cogitans
529 4202 572 4266 de
594 4201 706 4265 salute
727 4198 862 4264 animae
884 4211 980 4258 meae
1000 4190 1097 4256 etde
1119 4197 1215 4254 statu
