3172 5030
475 431 647 480 cusnrnn
669 431 1009 484 sueuosnxourcan.
1226 422 1268 486 31

217 597 276 659 nia
289 614 378 678 quae
389 593 515 657 habere
529 591 769 674 cognoscimur
782 591 859 674 ipso
875 591 1044 674 largiente
1057 590 1176 657 habita
1188 613 1268 676 pos-

217 696 390 760 sidemus!
428 693 498 758 Pro
513 711 582 775 qua
597 711 634 756 re
650 711 715 774 ego
726 691 905 770 EadricuS,
918 711 980 755 rex
990 691 1269 774 cantuariorum,

218 795 427 879 apraesenti
441 793 495 857 die
510 801 545 856 et
564 801 730 875 tempore,
751 798 879 855 terram
901 792 986 855 iuris
1010 794 1087 869 mei,
1111 795 1269 876 quamuis

217 897 389 978 praetium
409 902 607 977 competens
630 892 832 975 acceperim,
847 891 913 958 hoc
936 900 990 956 est
1012 895 1148 976 argenti
1164 895 1269 959 libras

219 997 348 1073 decem,
363 997 400 1060 in
412 994 622 1060 monasterio
636 994 730 1058 beati
741 993 840 1058 Petri
851 993 1087 1077 apostolorum
1104 995 1269 1078 principis

219 1097 311 1181 quod
328 1098 432 1161 situm
455 1102 509 1159 est
532 1095 632 1159 iuxta
652 1094 829 1159 ciuitatem
853 1094 1080 1171 Dorouernis,
1097 1113 1169 1159 una
1192 1115 1269 1160 cum

218 1216 389 1263 consensu
403 1216 558 1261 meomm
571 1195 806 1278 patriciorum,
822 1195 859 1259 in
875 1201 1078 1278 perpetuum
1093 1194 1221 1260 donaui
1235 1205 1271 1262 et

219 1299 327 1364 douo:
346 1317 436 1382 quae
450 1297 650 1379 supradicta
663 1303 757 1360 terra
772 1296 958 1360 coniuncta
972 1304 1025 1359 est
1040 1302 1153 1360 terrae
1166 1317 1270 1380 quam

219 1407 361 1464 sanctae
398 1398 582 1462 memoriae
621 1395 820 1474 Lotharius,
855 1395 1030 1480 quondam
1061 1416 1135 1473 rex,
1168 1398 1271 1463 beato

220 1500 340 1576 Petro,
354 1519 418 1581 pro
433 1497 583 1561 remedio
598 1496 734 1562 animae
756 1515 852 1573 suae,
867 1497 1016 1561 donasse
1030 1499 1270 1579 cognoscitur3

221 1619 311 1683 quae
335 1607 428 1664 terra
452 1597 712 1674 determinatur,
735 1617 781 1660 ex
802 1616 872 1661 una
896 1603 996 1679 parte
1020 1596 1124 1662 habet
1143 1599 1270 1664 uadum

222 1701 313 1784 quod
339 1698 534 1783 appellatur
561 1697 764 1762 Fordstreta
786 1697 924 1780 publica
954 1697 1169 1776 indirectum,
1192 1707 1228 1766 et
1250 1719 1272 1764 a

221 1809 320 1884 parte
336 1801 406 1864 alia
420 1800 548 1863 flumen
567 1798 659 1882 quod
677 1798 877 1863 nominatur
896 1797 998 1878 Stur3
1023 1818 1142 1864 omues
1160 1807 1272 1864 terras

221 1901 421 1980 sationales,
460 1920 538 1964 curn
571 1899 692 1982 pratis,
721 1899 864 1981 campiS,
892 1899 1002 1976 siluis,
1032 1898 1184 1964 fontanis
1215 1901 1271 1966 uel

221 2003 405 2066 mariscum
427 2001 520 2085 quod
540 1999 737 2083 appellatur
749 1998 1002 2076 Stodmersche,
1017 2018 1095 2066 cum
1113 2001 1271 2066 omnibus

222 2103 267 2167 ad
292 2103 525 2186 supradictam
551 2109 680 2165 terram
707 2107 900 2165 aratrorum
923 2100 1027 2164 trium
1051 2102 1272 2183 pertinentia,

222 2205 324 2268 beato
354 2203 473 2280 Petro,
501 2203 644 2283 eiusque
665 2200 815 2265 familiae
842 2201 879 2264 in
906 2220 976 2282 qua
998 2220 1090 2264 nuuc
1112 2221 1273 2284 praeesse

223 2302 400 2368 Adrianus
426 2304 534 2366 abbas
565 2302 767 2378 dinoscitur,
798 2299 926 2364 tradidi
953 2301 1207 2382 possidendam,
1238 2311 1275 2368 et

224 2402 387 2485 quicquid
409 2401 535 2465 exinde
557 2399 670 2464 facere
692 2400 877 2476 noluerint,
892 2406 1014 2482 utpote
1029 2400 1170 2479 domini,
1189 2402 1273 2470 libe.-

224 2521 300 2566 ram
321 2502 473 2566 habeant
494 2506 714 2583 potestatem.
759 2499 857 2562 Sicut
871 2498 1037 2566 donatum
1060 2507 1113 2564 est
1135 2521 1274 2567 manere

225 2603 394 2683 decern03
421 2619 599 2684 uunquam
624 2619 680 2662 me
703 2598 936 2682 haeredesque
958 2618 1053 2664 meos
1068 2600 1125 2664 uel
1138 2621 1274 2667 succes-

225 2723 322 2782 sores
335 2709 458 2768 contra
471 2702 561 2766 hanc
575 2700 773 2765 donationis
790 2719 887 2764 meae
902 2700 1083 2778 cartulam,
1099 2701 1172 2766 ullo
1187 2710 1274 2767 tem-

224 2823 320 2887 pore,
341 2822 417 2868 esse
436 2808 621 2867 uenturos:
646 2801 738 2884 quod
753 2800 783 2864 si
797 2800 922 2883 aliquis
934 2801 1216 2884 praesumpserit,
1229 2805 1275 2868 sit

224 2910 406 2987 separatus
428 2922 450 2966 a
470 2901 735 2985 participatione
758 2902 913 2983 corporis
942 2909 977 2966 et
1010 2903 1189 2983 sanguinis
1214 2905 1275 2969 do-

225 3005 309 3068 mini
331 3003 441 3069 nostri
462 3002 544 3066 Iesu
560 3000 703 3080 Christi,
718 3003 879 3066 manente
901 3001 966 3065 hac
989 3002 1126 3067 cartula
1149 3004 1274 3069 nihilo·

225 3107 338 3169 minus
360 3105 397 3168 in
420 3122 484 3168 sua
507 3102 682 3166 firmitate.
733 3102 789 3166 De
814 3102 938 3185 quibus
964 3103 1121 3166 omnibus
1153 3124 1275 3189 supra-

226 3206 327 3270 dictis
352 3223 394 3268 ac
412 3222 433 3267 a
455 3223 509 3266 me
522 3202 684 3280 definitis,
698 3209 738 3266 ut
758 3222 801 3266 ne
827 3201 951 3284 aliquis
971 3203 1008 3266 in
1030 3210 1206 3286 posterum
1230 3207 1275 3272 sit

225 3304 430 3382 aduersitas,
452 3304 593 3386 propria
615 3322 721 3366 manu
746 3302 884 3385 signum
911 3311 1052 3367 sanctae
1079 3307 1190 3369 crucis
1213 3326 1276 3372 ex-

225 3406 347 3490 pressi,
367 3412 402 3470 et
423 3404 679 3479 sanctissimum
701 3410 805 3487 atque
826 3403 1139 3468 reuerentissimum
1161 3406 1276 3471 Theo-

225 3509 346 3574 dorum
360 3505 653 3588 archiepiscopum
676 3510 832 3569 nostrum
846 3510 886 3568 ut
899 3504 1130 3570 subscriberet
1143 3509 1277 3589 rogaui,

226 3617 262 3674 et
277 3608 364 3672 alios
379 3612 486 3672 testes
511 3605 680 3670 similiter.
732 3602 859 3668 Actum
883 3604 921 3667 in
943 3623 1059 3668 meuse
1075 3604 1190 3685 Iunio,
1215 3606 1276 3672 Iu-

226 3710 376 3774 dictione
391 3708 503 3772 x1111⁸.

278 3811 354 3892 Ego
377 3806 547 3872 Aedricus
577 3825 639 3870 rex
669 3806 706 3869 in
731 3805 821 3869 hanc
848 3804 1044 3870 donationis
1074 3825 1171 3871 meae
1202 3827 1277 3872 car-

228 3910 336 3975 tulam
350 3910 488 3991 signum
506 3913 648 3971 sanctae
670 3907 781 3970 crucis
803 3907 1016 3988 expressi.›1‹
1073 3907 1150 3990 Ego
1164 3908 1277 3974 Theo-

227 4011 344 4090 dorus,
359 4008 638 4092 archiepiscopus
653 4007 768 4090 gratia
783 4006 862 4084 Dei,
876 4007 1122 4090 subscripsi.›1‹
