3188 5032
297 380 342 443 56
554 397 728 446 GHARTAE
751 397 1095 448 nucnosnxourcnn.

302 559 438 634 petuas,
458 573 521 635 pro
542 555 692 618 remedio
716 555 851 619 animae
876 574 972 619 meae
997 563 1033 619 et
1055 553 1271 618 relaxatione
1288 557 1353 619 cri-

302 651 432 715 minum
452 673 605 718 meorum
622 655 772 736 aliquam
790 663 901 718 terrae
922 653 1128 737 particulam
1149 651 1279 717 donare
1293 652 1351 718 de-

302 752 396 814 creui
418 754 606 818 uenerabili
624 751 806 820 Aldhelmo
828 755 956 832 abbati,
971 754 1016 818 ad
1036 761 1259 834 augmentum
1280 775 1353 818 mo-

302 852 445 914 nasterii
481 855 535 917 sui
564 853 656 936 quod
691 853 988 936 Meldunensburg
1021 860 1187 931 uocatur3
1229 853 1264 916 id
1298 862 1351 918 est

305 967 390 1016 xcv.
404 958 560 1017 cassatos
582 955 619 1016 in
640 954 724 1018 locis
745 955 788 1018 ab
806 953 932 1018 accolis
954 953 1046 1016 infra
1058 953 1256 1016 nominatis.
1309 952 1351 1016 lo

303 1057 356 1113 est
374 1067 407 1114 v.
430 1061 609 1118 manentes
634 1054 671 1116 in
694 1055 772 1119 loco
784 1055 845 1136 qui
866 1053 992 1118 dicitur
1007 1051 1210 1131 Gersdune3
1238 1059 1274 1115 et
1294 1053 1353 1116 ubi

303 1150 435 1215 riuulus
449 1153 510 1235 qui
530 1160 676 1217 uocatur
692 1153 912 1218 Corsahurna
934 1153 1045 1217 oritur
1066 1168 1146 1231 xx3
1170 1158 1205 1214 et
1227 1151 1264 1213 in
1284 1152 1351 1216 alio

286 1249 379 1314 'loco
407 1251 508 1316 iuxta
531 1253 677 1319 eundem
706 1254 855 1318 riuulum
870 1270 920 1332 x;
952 1260 987 1316 et
1008 1253 1109 1316 iuxta
1129 1251 1267 1314 laticem
1293 1252 1351 1334 qui

302 1357 448 1415 uocatur
479 1353 691 1428 Reodburna
718 1371 756 1419 x.
808 1354 855 1417 Et
876 1352 941 1416 hoc
969 1360 1084 1416 actum
1111 1358 1164 1414 est
1195 1369 1286 1414 anno
1308 1352 1352 1414 ab

301 1450 538 1516 incarnatione
555 1451 685 1516 Christi
698 1470 793 1518 occ1.
840 1452 1155 1517 Indixionexu11⁸.

359 1551 397 1630 »Β
414 1549 558 1631 Signum
589 1571 711 1618 manus
738 1553 795 1617 Ini
825 1553 928 1634 regis.
996 1554 1036 1633 ›1‹
1051 1551 1196 1632 Signum
1229 1569 1351 1613 manus

304 1646 469 1714 Oshelmi.
527 1655 567 1734 ›1‹
583 1652 660 1734 Ego
695 1653 814 1718 Haddi
848 1653 1030 1735 episcopus
1063 1651 1143 1714 huic
1172 1649 1354 1713 donacioni

303 1751 463 1812 consensi
485 1759 521 1815 et
544 1752 742 1835 subscripsi.
798 1756 838 1835 ›1‹
854 1752 931 1834 Ego
965 1748 1233 1835 Uuynberchtus
1264 1748 1352 1813 hanc

303 1846 526 1915 donacionem
541 1851 676 1916 dictans
691 1853 889 1936 subscripsi.

755 2125 904 2220 xmx.

649 2304 670 2346 *
695 2302 787 2380 INI,
810 2303 917 2381 June,
932 2303 1009 2368 702.
1099 2361 1101 2364 .

357 2455 397 2534 ›1‹
414 2453 458 2517 Iu
473 2453 611 2516 nomine
623 2451 752 2515 domini
763 2451 872 2516 nostri
887 2451 991 2515 Ihesu
1005 2449 1135 2515 Christi
1148 2451 1350 2516 saluatoris!

304 2543 357 2615 Ea
370 2572 459 2635 quae
483 2551 671 2616 secundum
692 2551 832 2615 decreta
853 2570 1023 2614 canonum
1047 2557 1198 2615 tractata
1213 2551 1352 2629 luerint,

303 2651 384 2715 licet
395 2671 506 2716 sermo
520 2658 654 2716 tantum
665 2653 709 2714 ad
721 2651 954 2715 testimonium
966 2650 1147 2728 sufficeret,
1159 2657 1274 2714 tamen
1288 2671 1351 2733 pro

302 2752 435 2815 incerta
443 2751 550 2814 futuri
566 2750 807 2833 [conditione],
817 2750 1120 2833 chirographorum
1132 2751 1353 2814 cedulissunt

302 2851 507 2914 roboranda.
550 2850 771 2934 Quapropter
786 2870 851 2931 ego
874 2850 942 2926 Ini,
957 2857 1124 2932 regnante
1138 2849 1276 2914 domino
1288 2869 1351 2914 rex

303 2949 491 3028 Saxonum,
508 2949 634 3032 uiginti
657 2957 811 3014 cassatos
835 2969 899 3032 pro
921 2949 1070 3014 remedio
1095 2950 1230 3013 animae
1254 2969 1350 3013 meae

302 3049 561 3114 Beorhtuualdo
585 3051 713 3127 abbati,
737 3049 780 3113 ad
802 3056 960 3112 sanctum
981 3050 1228 3114 monasterium
1245 3047 1348 3113 Glas-

303 3149 520 3232 tingahurge,
539 3149 659 3214 uideor
672 3149 878 3214 contulisse:
891 3155 927 3211 et
941 3147 1026 3213 haec
1042 3167 1123 3231 pars
1137 3149 1273 3214 modica
1285 3149 1349 3212 tel-

302 3248 388 3312 luris
414 3269 458 3312 ex
482 3257 628 3332 utraque
652 3257 751 3333 parte
774 3248 936 3325 fluminis,
958 3250 1056 3312 cuius
1073 3247 1280 3312 uocabulum
1296 3256 1349 3313 est

302 3348 464 3430 Dulting,
486 3348 552 3412 hiis
574 3349 786 3431 marginibus
800 3347 938 3418 uidetur
952 3345 1145 3430 designata,
1160 3355 1226 3412 etc.

353 3447 390 3512 Si
406 3449 483 3530 quis
497 3468 580 3512 uero
596 3448 686 3513 hanc
701 3447 870 3512 cartulam
880 3448 1089 3530 amplificare
1105 3447 1265 3524 uoluerit,
1276 3467 1348 3511 am-

302 3547 431 3629 plificet
444 3548 528 3611 deus
541 3555 675 3629 partem
689 3548 763 3612 eius
777 3549 813 3612 in
828 3548 915 3612 libro
927 3549 1042 3626 uitae;
1058 3547 1088 3610 si
1102 3547 1180 3629 quis
1191 3547 1349 3628 frangere

301 3648 535 3729 temptauerit,
551 3647 639 3712 sciat
661 3667 698 3712 se
721 3666 836 3711 coram
853 3647 992 3711 domino
1006 3654 1042 3712 et
1055 3647 1187 3727 angelis
1205 3648 1280 3710 eius
1294 3665 1348 3709 ra-

301 3745 428 3810 tionem
443 3747 667 3812 redditurum.
700 3747 838 3830 Scripta
846 3754 899 3810 est
911 3747 996 3811 haec
1005 3745 1193 3828 singrapha
1203 3765 1295 3810 anno
1305 3747 1349 3809 ab

301 3845 537 3910 incarnatione
558 3847 686 3911 domini
712 3865 791 3910 nco.
818 3846 980 3933 secunda,
1002 3846 1189 3910 indictione
1213 3837 1347 3928 quarta¹

301 3959 420 4014 mensa
442 3944 553 4009 Iunio.
612 3947 650 4029 ›1‹
675 3947 751 4027 Ego
782 3945 838 4009 Ini
872 3947 1009 4028 signaui
1032 3945 1210 4009 salutifero
1235 3947 1346 4028 signo.

308 4043 346 4122 ›1‹
361 4042 437 4124 Ego
457 4045 693 4110 Beorhtuuald
711 4045 987 4128 archiepiscopus
1011 4045 1158 4128 signaui.
1214 4047 1254 4126 ›1‹
1271 4046 1348 4126 Ego

303 4139 428 4205 Hedda
443 4144 623 4228 episcopus
637 4145 824 4228 subscripsi
837 4147 901 4209 sub
916 4146 1113 4211 testimonio
1128 4145 1323 4210 multorum.

748 4275 756 4308 ¹
774 4281 831 4331 Iud.
844 4297 886 4331 xv.

1517 652 1521 656 -
1574 561 1577 704 l
