3134 5030
448 455 621 504 onsurae
643 453 987 504 Anonosnxomclu.
1176 439 1243 505 247

188 617 294 678 testes
310 612 515 690 extiterunt,
530 619 566 678 et
582 614 817 680 sacratissim0
837 613 949 678 crucis
973 612 1103 680 Christi
1125 613 1242 698 signa·

188 714 266 778 culo
281 712 475 778 roborando
487 713 787 780 confirmauerunt.

244 812 283 893 ›1‹
305 811 382 894 Ego
398 812 607 897 Kenulpbus
629 835 693 879 rex
713 814 921 879 Marciorum
946 813 1048 879 huius
1070 813 1241 881 definitio·

189 914 243 979 nis
265 912 579 978 reconciliationem
602 915 702 998 signo
724 922 866 980 sanetae
887 915 998 979 crucis
1033 915 1241 980 confirmaui.

193 1015 237 1096 ›1‹
253 1011 331 1094 Ego
347 1011 544 1079 cuthredus
558 1014 846 1080 rexGantuarias
867 1015 1087 1080 consentiens
1105 1015 1242 1099 signum

192 1113 390 1178 salutiferae
404 1115 516 1178 crucis
529 1115 680 1198 imono.
737 1116 777 1196 ›1‹
793 1114 872 1197 Ego
886 1115 1026 1181 Siredus
1041 1135 1103 1180 rex
1119 1117 1243 1182 Orien·

191 1213 312 1278 talium
335 1213 513 1278 Saxonum
533 1215 670 1297 signum
684 1216 795 1280 crucis
808 1213 1006 1281 salutiferae
1018 1217 1243 1282 corroborans

190 1314 341 1396 impono.
383 1314 422 1395 ›1‹
438 1314 515 1397 Ego
528 1314 729 1382 Wnlsredus
741 1313 951 1382 cantuariae
965 1315 1244 1399 archiepiscopus

192 1415 351 1478 consensi
372 1421 409 1478 et
432 1414 631 1499 subscripsi.
686 1416 727 1499 ›1‹
749 1415 826 1498 Ego
847 1413 1011 1481 Aldulsus
1043 1415 1244 1498 [Licetfeld·

192 1507 318 1595 ensis]¹
335 1512 518 1599 episcopus
536 1517 695 1582 consensi
716 1522 751 1581 et
773 1515 976 1599 subscripsi.
1030 1517 1069 1598 ›1‹
1085 1514 1162 1599 Ego
1173 1517 1245 1582 De·

191 1613 312 1679 nebert
326 1614 624 1698 [Uuigorniensis]
638 1617 821 1700 episcopus
832 1617 989 1681 consensi
1000 1623 1036 1681 et
1046 1617 1242 1700 subscripsi.
1330 1666 1334 1672 .

197 1715 237 1798 ›1‹
257 1714 334 1797 Ego
358 1714 633 1782 Uuerenbribtns
660 1716 921 1800 [Leogerensis]
951 1717 1133 1802 episcopus
1162 1737 1244 1783 con·

193 1815 284 1878 sensi
309 1819 345 1879 et
370 1816 567 1900 subscripsi.
624 1818 663 1899 ›1‹
684 1816 761 1900 Ego
787 1817 1051 1883 Uuullbaerdus
1081 1816 1246 1899 [Heoana

193 1933 282 1998 quae
315 1934 408 1980 nunc
438 1915 611 1986 Hereiord
639 1916 780 1999 dicitur]
809 1918 991 2002 episcopus
1023 1919 1182 1982 consensi
1210 1924 1246 1983 et

194 2013 391 2098 subscripsi.
459 2017 499 2097 ›1‹
513 2016 590 2100 Ego
613 2016 787 2082 Tillerdus
817 2017 1145 2102 [Hagustuldensis]
1172 2018 1244 2102 epi-

193 2131 321 2197 scopus
347 2116 510 2181 consensi
529 2122 565 2181 et
586 2118 784 2202 subscripsi.
841 2121 881 2201 ›1‹
903 2118 979 2202 Ego
1002 2118 1246 2185 Aetheluulsus

194 2212 527 2298 [East-Anglorum]
564 2217 746 2301 episcopus
781 2219 941 2283 consensi
975 2227 1011 2284 et
1046 2219 1246 2302 subscripsi.

200 2316 239 2397 ›1‹
261 2314 338 2397 Ego
361 2315 555 2381 Eaduulfus
573 2317 880 2400 [cridiatunensis]
900 2319 1082 2403 episcopus
1101 2337 1247 2382 consen·

194 2415 225 2479 si
243 2420 280 2479 ot
299 2415 498 2499 subscripsi.
555 2419 594 2500 ›1‹
616 2417 693 2500 Ego
708 2415 916 2483 Alcbbertus
932 2416 1244 2500 [Sutb·Saxoniae]

195 2514 376 2599 episcopus
392 2517 551 2581 consensi
563 2524 600 2582 et
612 2517 811 2601 subscripsi.
845 2519 884 2600 ›1‹
902 2517 979 2599 Ego
991 2515 1247 2583 Aethelnothus

196 2614 483 2698 [Lundoniensis]
507 2616 689 2701 episcopus
711 2617 870 2682 consensi
896 2624 932 2682 et
951 2618 1148 2701 subscripsi.
1201 2621 1242 2701 »χο

196 2716 274 2798 Ego
288 2715 478 2782 Uuibertus
492 2715 812 2800 [Scireburniensis]
829 2718 1009 2801 episcopus
1030 2717 1189 2782 consensi
1211 2724 1247 2783 et

196 2816 393 2900 subscripsi.
450 2819 490 2899 ›1‹
505 2816 581 2900 Ego
602 2817 814 2882 Beormodus
838 2817 1155 2900 [Rouecestrensis]
1176 2817 1248 2901 epi-

196 2935 322 3000 scopus
333 2918 492 2981 consensi
503 2923 538 2981 et
553 2918 753 3001 subscripsi.
781 2919 820 3000 ›1‹
835 2918 912 3000 Ego
923 2917 1147 3000 Uuignothus
1157 2917 1248 3000 [Ex-

197 3017 364 3098 oniensis]
395 3017 577 3102 episcopus
607 3020 766 3085 consensi
793 3027 829 3084 et
851 3009 1050 3103 subscripsi.
1117 3020 1156 3101 ›1‹
1171 3018 1249 3100 Ego

198 3116 451 3181 Eambeorbtus
484 3117 557 3182 dux
584 3119 744 3184 consensi
767 3125 804 3184 et
830 3119 1028 3203 subscripsi.
1100 3120 1139 3201 ›1‹
1171 3119 1248 3202 Ego

199 3216 486 3282 Heardbearbtus
507 3218 580 3282 (lux
607 3218 767 3283 consensi
789 3225 824 3284 et
848 3219 1045 3302 subscripsi.
1112 3221 1153 3301 »1⁴
1173 3219 1249 3301 Ego

199 3317 419 3384 Beornotbus
428 3318 500 3384 dux
511 3317 671 3384 consensi
679 3325 714 3382 et
725 3318 920 3402 subscripsi.
956 3320 997 3400 »Β
1011 3319 1088 3400 Ego
1098 3316 1250 3401 Cynbel·

198 3436 276 3481 mus
290 3418 364 3483 (lux
378 3419 536 3482 consensi
554 3423 590 3482 et
609 3419 809 3502 subscripsi.
853 3409 904 3499 ’ᾖ
920 3417 998 3501 Ego
1023 3416 1251 3482 Geolberbtns
1328 3428 1331 3432 ’

198 3517 273 3582 dux
302 3517 462 3583 consensi
488 3525 524 3584 et
552 3518 750 3602 subscripsi.
810 3520 849 3601 ›1‹
871 3519 948 3601 Ego
976 3516 1149 3583 Aldredus
1176 3516 1250 3581 dux

199 3618 360 3683 consensi
374 3625 410 3684 et
422 3618 618 3703 subscripsi.
662 3619 701 3701 ›1‹
716 3620 793 3701 Ego
807 3617 994 3684 Uullredus
1006 3616 1079 3681 dux
1093 3617 1253 3682 consensi

200 3725 236 3782 et
257 3717 455 3803 subscripsi.
523 3721 562 3802 ›1‹
576 3718 654 3802 Ego
686 3718 900 3784 Hensertbus
927 3719 999 3782 (lux
1027 3717 1187 3782 consensi
1216 3722 1252 3781 et

200 3817 399 3902 subscripsi.
455 3817 496 3900 ›1‹
510 3817 587 3901 Ego
609 3819 822 3884 Giolsertbus
842 3819 914 3883 (lux
936 3819 1095 3884 consensi
1113 3826 1149 3882 et
1170 3817 1252 3882 sub·

200 3917 333 4000 scripsi.
402 3920 443 4000 »Β
468 3918 544 4000 Ego
567 3917 797 3984 Heatfertbus
826 3918 898 3982 dux
926 3919 1085 3984 consensi
1110 3926 1146 3982 et
1170 3917 1251 3980 sub-

201 4018 334 4101 scripsi.
392 4018 431 4099 ›1‹
448 4017 525 4100 Ego
540 4018 645 4085 Plesa
658 4019 730 4084 dux
746 4018 904 4084 consensi
919 4025 954 4084 et
968 4017 1163 4101 subscripsi.

237 4175 312 4226 ¹lbe
330 4175 499 4238 interpolated
520 4192 643 4241 passages
668 4193 712 4228 ure
744 4191 805 4227 over
820 4176 863 4226 tha
880 4191 966 4228 names
981 4177 1011 4228 of
1022 4148 1065 4227 llic
1076 4176 1218 4240 wimesses‚
1229 4176 1255 4225 in

202 4246 302 4297 written
312 4249 428 4298 between
436 4246 481 4298 tbe
491 4247 557 4298 lines
568 4249 643 4299 intbe
654 4249 711 4299 MS.
745 4261 778 4298 an
790 4247 914 4311 aeqnaeval
925 4248 1001 4300 band.
