3172 5030
466 459 637 508 oHARTAE
660 457 1001 507 sucnosnxourcnn.
1235 444 1257 508 3

692 699 766 764 111.

251 866 273 909 *
295 864 662 932 AETHILBERHT
686 864 750 930 OF
775 861 926 946 KENT,
942 865 1025 931 Jan.
1041 865 1114 946 ath,
1129 867 1205 934 605.

252 1012 291 1093 »14
316 1019 361 1083 ln
383 1020 521 1085 nomine
543 1020 673 1084 domini
691 1018 803 1083 nostri
818 1017 901 1082 Iesu
917 1017 1067 1085 Christi!
1121 1019 1256 1086 Notum

201 1121 247 1184 sit
261 1122 432 1199 omnibus,
446 1129 519 1186 tam
532 1121 772 1204 praesentibus
789 1139 893 1203 quam
907 1121 1067 1204 posteris,
1083 1121 1175 1203 quod
1189 1140 1255 1203 ego

201 1220 473 1300 AethilberhtnS‚
497 1222 553 1286 dei
574 1222 687 1304 gratia
710 1241 773 1285 rex
792 1219 1000 1303 Anglorum,
1019 1241 1083 1303 per
1103 1240 1254 1303 euange-

199 1324 302 1388 licum
325 1323 516 1406 genitorem
531 1343 645 1387 meum
659 1319 897 1404 Augustinum
911 1321 953 1386 de
968 1321 1129 1405 ydolatra
1140 1321 1254 1387 factus

201 1424 410 1501 christicola,
434 1423 561 1488 tradidi
580 1424 644 1487 deo
667 1443 730 1506 per
753 1423 867 1505 ipsum
889 1423 1080 1488 antistitem
1101 1423 1256 1506 aliquam

201 1533 335 1608 partem
360 1532 473 1589 terrae
493 1524 578 1588 iuris
604 1524 671 1587 mei
703 1523 767 1587 sub
793 1523 952 1587 orientali
978 1543 1076 1588 muro
1102 1525 1254 1589 ciuitatis

202 1625 452 1702 Dorouerniae,
472 1623 531 1689 ubi
553 1624 684 1688 scilicet
702 1643 765 1706 per
784 1623 930 1688 eundem
943 1624 981 1687 in
997 1623 1134 1689 Christo
1153 1626 1253 1690 insti·

200 1732 350 1791 tutorem
373 1726 620 1790 monasterium
647 1726 684 1788 in
708 1724 838 1790 honore
859 1724 1053 1809 principum
1078 1727 1253 1810 apostolo·

123 1848 126 1852 ·
200 1847 277 1892 rum
292 1827 390 1892 Petri
409 1833 445 1891 et
469 1827 572 1890 Pauli
591 1825 740 1903 condidi,
761 1833 892 1890 etcum
912 1827 989 1909 ipsa
1006 1835 1100 1891 terra
1120 1834 1252 1892 etcum

200 1931 359 1993 omnibus
384 1947 474 2010 qnae
498 1928 677 2011 adipsum
703 1929 949 1992 monasterium
972 1928 1147 2009 pertinent
1173 1949 1251 2012 per·

199 2038 305 2113 petua
327 2030 486 2093 libertate
508 2029 656 2109 donaui;
684 2028 770 2092 adeo
793 2035 835 2093 ut
857 2048 920 2094 nec
944 2028 1040 2107 mihi,
1062 2049 1127 2094 nec
1149 2030 1253 2094 alicui

198 2149 435 2196 successorum
453 2149 605 2196 meorum
633 2149 765 2212 regum,
788 2148 852 2193 nec
877 2131 940 2194 ulli
962 2149 1115 2214 unquam
1136 2139 1253 2214 potes-

200 2234 279 2312 tati,
302 2233 376 2296 sine
398 2231 652 2296 ecclesiasticae
673 2231 747 2294 siue
775 2230 934 2309 seculari,
957 2231 1144 2315 quidquam
1171 2233 1252 2297 inde

199 2333 303 2398 liceat
324 2351 503 2414 usurpare,
519 2332 579 2396 sed
594 2332 630 2394 in
644 2331 754 2414 ipsius
770 2332 906 2395 abbatis
930 2332 1000 2396 sint
1015 2333 1131 2397 omnia
1143 2333 1253 2398 libera
1291 2365 1296 2372 ‚

199 2433 341 2498 ditione.
394 2432 509 2515 Siquis
532 2451 616 2495 nero
632 2430 755 2495 dehac
768 2431 959 2496 donacione
981 2440 1102 2497 nostra
1121 2433 1251 2516 aliquid

201 2535 355 2598 minuere
387 2540 449 2596 aut
476 2532 610 2596 irritum
642 2531 755 2595 facere
783 2532 1017 2614 temptauerit,
1045 2533 1252 2600 auctoritate

201 2634 256 2699 dei
270 2641 306 2698 et
318 2634 412 2698 beati
424 2651 536 2716 papae
550 2631 722 2714 Gregorii,
741 2633 919 2716 nostrique
939 2633 1088 2716 apostoli
1105 2633 1249 2718 Augus·

199 2735 275 2813 tini,
290 2734 392 2802 simul
406 2740 442 2798 et
456 2741 577 2798 nostra
588 2733 847 2816 imprecatione,
859 2735 905 2799 sit
918 2733 974 2798 hic
989 2743 1192 2818 segregatus
1206 2737 1250 2801 ab

199 2837 293 2902 omni
312 2842 454 2900 sanctae
477 2835 642 2900 ecclesiae
663 2835 914 2913 communione,
938 2836 1032 2900 etin
1055 2836 1110 2900 die
1133 2837 1250 2903 iudicii

200 2939 244 3002 ab
271 2938 365 3003 omni
394 2936 580 3001 electorum
611 2936 788 3001 societate.
849 2935 1139 3020 circumcingitur
1165 2939 1250 3004 haec

199 3045 293 3104 terra
318 3039 371 3102 his
393 3038 615 3102 terminibus:
639 3039 676 3102 in
697 3038 830 3102 oriente
849 3038 995 3102 ecclesia
1016 3039 1128 3104 sancti
1153 3039 1250 3106 Mar-

199 3141 275 3219 tini,
290 3147 325 3204 et
338 3139 418 3203 inde
432 3139 476 3202 ad
497 3140 664 3204 orientem
677 3138 720 3202 be
734 3137 952 3217 Siwendune,
974 3146 1009 3204 et
1028 3140 1078 3203 sic
1093 3140 1137 3204 ad
1151 3139 1250 3225 aqui-

198 3240 312 3306 lonem
335 3243 377 3305 be
391 3239 709 3323 Wycingesmarce,
734 3239 928 3323 iterumque
952 3239 996 3304 ad
1022 3241 1189 3306 orientem
1214 3251 1250 3307 et

200 3341 244 3405 ad
265 3347 420 3406 austrum
440 3341 482 3404 be
504 3341 821 3417 Burhwaremarce,
844 3347 879 3405 et
898 3342 948 3405 sic
969 3341 1014 3404 ad
1038 3349 1194 3407 austrum
1214 3351 1249 3409 et

200 3442 366 3506 orientem
388 3441 431 3504 be
457 3439 760 3526 cyningesmarce,
784 3441 868 3506 item
904 3442 948 3506 ad
984 3442 1181 3526 aquilonem
1214 3451 1250 3508 et

199 3542 366 3607 orientem
385 3541 428 3604 be
452 3540 757 3625 cyningesmarce,
776 3543 894 3625 sieque
914 3543 958 3606 ad
979 3542 1191 3608 occidentem
1213 3551 1249 3609 to

201 3642 452 3726 Riberescoepe,
477 3643 587 3708 etita
610 3644 655 3707 ad
682 3642 878 3725 aquilonem
904 3643 940 3706 to
967 3642 1248 3726 Drutingstrfrte.

199 3741 329 3809 Actum
348 3752 402 3809 est
422 3743 488 3807 hoc
512 3742 549 3807 in
575 3744 717 3808 ciuitate
740 3743 936 3808 Doronerni
957 3761 1051 3808 anno
1073 3745 1118 3809 ab
1135 3745 1249 3810 incar·

198 3846 340 3910 natione
356 3843 486 3910 Christi
502 3861 583 3909 ocu.
598 3843 784 3910 indictione
799 3862 877 3910 vui.
1381 3871 1388 3878 ·

250 3940 289 4021 »14
312 3947 389 4030 Ego
414 3944 675 4012 Aethilberhtus
703 3965 766 4010 rex
787 3942 996 4029 Anglorum,
1023 3945 1113 4010 hauc
1140 3945 1248 4012 dona-
1372 3971 1375 3975 ·

197 4051 331 4115 cionem
350 4067 461 4113 meam
481 4048 581 4131 signo
600 4056 743 4112 sanctae
761 4049 872 4112 crucis
888 4046 1028 4129 propria
1048 4065 1153 4111 manu
1167 4068 1249 4113 con·

197 4150 343 4216 firmani.
447 4142 486 4223 »14
510 4147 587 4232 Ego
610 4148 828 4232 Augustinus
852 4148 967 4232 gratia
987 4147 1042 4212 dei
1064 4147 1250 4233 archiepis·

198 4271 316 4336 copus,
343 4252 490 4320 libenter
514 4251 712 4336 subscripsi.
771 4243 811 4324 »14
834 4249 910 4333 Ego
934 4249 1136 4416 Aedbalrssus
1158 4252 1249 4333 regis

196 4368 206 4384 ·
1044 4368 1064 4414 n
