3168 5028
320 469 406 534 xviii
671 481 979 530 rurnouucrrou.

363 644 394 706 5.
418 661 481 726 pro
495 641 726 724 redemptione
742 641 876 707 animae
891 658 987 704 mene
1002 646 1038 705 et
1051 637 1324 723 proexpiutioue

321 744 510 809 facinorum
524 763 685 808 meorum.

694 844 880 910 Aeeilbald
894 842 934 908 of
944 840 1086 920 Merme,
1099 841 1281 908 ros-75⁷.
1386 912 1390 918 ,

366 946 397 1011 6.
420 965 481 1029 pro
495 945 692 1028 expiatione
706 944 920 1028 piaculorum
935 963 1096 1008 meorum.

806 1044 973 1129 Cyniuulf
983 1043 1023 1110 of
1033 1043 1194 1122 Wessex‚
1207 1041 1283 1108 778.

366 1149 398 1211 7.
420 1167 483 1231 pro
499 1166 614 1212 amore
629 1145 788 1212 coelestis
799 1147 946 1231 patriae,
956 1165 1019 1230 pro
1029 1145 1180 1210 remedio
1192 1144 1327 1210 animae

324 1268 431 1319 meae.
474 1303 477 1309 .
908 1246 986 1313 Offn
1000 1247 1040 1311 os
1051 1245 1193 1323 Merme,
1207 1245 1283 1311 779.

367 1350 399 1414 8.
421 1369 485 1433 pro
500 1351 613 1416 salute
629 1350 765 1416 animae
778 1367 877 1414 meae
890 1349 1107 1432 priorumque
1121 1366 1284 1412 meorum.

1107 1447 1197 1526 oua,
1209 1449 1285 1513 780.

369 1551 401 1614 9.
424 1571 485 1635 pro
507 1571 620 1618 amore
643 1552 771 1618 domini
793 1552 903 1618 nostri
928 1551 1034 1616 Ihesu
1054 1550 1192 1630 christi,
1211 1558 1247 1616 et
1264 1568 1329 1634 pro

328 1654 543 1719 absolutione
557 1673 709 1719 meorum
722 1655 912 1720 criminum.

870 1751 962 1837 Abp.
977 1751 1197 1829 Aetiilheard‚
1211 1750 1286 1816 805.

371 1853 423 1917 10.
445 1873 508 1937 pro
527 1856 673 1920 remedie
697 1857 831 1920 animae
851 1875 948 1919 mene
968 1862 1004 1920 et
1027 1873 1090 1936 pro
1112 1853 1330 1918 absolutione

329 1955 565 2036 peccaminum
578 1975 740 2020 meorum.
826 1954 999 2022 Gtienuulf
1006 1956 1047 2019 os
1057 1954 1198 2035 Mercia,
1210 1953 1285 2019 808.

370 2055 423 2118 11.
446 2074 509 2138 pro
529 2056 680 2121 remedio
701 2065 738 2122 et
754 2057 866 2122 salute
881 2057 1015 2121 animae
1029 2075 1137 2137 meae,
1150 2075 1280 2140 speque
1295 2062 1331 2120 et

330 2153 443 2220 amore
457 2157 592 2222 futurae
607 2159 806 2242 aeternique
820 2158 1101 2224 remunerationis
1114 2158 1150 2222 in
1164 2158 1281 2223 coelis.

844 2262 935 2344 Abp.
951 2258 1118 2337 Wulsred,
1131 2259 1197 2323 abt.
1212 2258 1287 2324 825.

374 2357 426 2421 12.
448 2377 511 2440 pro
529 2365 669 2426 aeterna
687 2361 917 2444 redemptione
937 2359 1072 2426 animae
1091 2379 1188 2426 meae
1209 2367 1245 2426 et
1267 2359 1331 2425 cri·

330 2456 459 2522 minum
473 2478 623 2525 meorum
638 2462 864 2527 absolutione.

773 2565 976 2630 Aesilberht
990 2566 1030 2630 os
1039 2563 1200 2643 Wessex,
1213 2563 1288 2630 862.

373 2661 426 2726 13.
449 2682 511 2746 pro
526 2665 582 2753 dei
597 2666 839 2749 omnipotentis
854 2685 977 2744 amore,
992 2674 1027 2731 et
1040 2669 1152 2731 beatae
1167 2667 1223 2730 dei
1240 2667 1333 2748 geni-

331 2763 426 2827 tricis
466 2763 589 2828 Mariae
624 2767 857 2842 ueneratione,
889 2774 1153 2849 sanctorumque
1183 2768 1334 2830 omnium

332 2865 547 2945 anctoritate,
561 2886 694 2931 necnon
713 2887 776 2951 pro
795 2867 1003 2933 uenerabilis
1023 2867 1176 2951 episcopi
1196 2867 1333 2934 Eadulfi

332 2967 513 3050 placabilis
528 2969 685 3052 pecuniae
699 2968 849 3034 datione.
1000 2967 1202 3049 Aeeelsttn,
1215 2970 1290 3036 Q.

374 3068 427 3131 14.
449 3066 494 3131 ob
509 3068 668 3134 coelestis
683 3068 965 3134 remunerationis
979 3071 1165 3152 proemium.
1414 3132 1418 3138 .

1054 3169 1202 3254 eadgar,
1215 3171 1289 3238 971.

375 3271 429 3335 15.
450 3291 527 3338 meo
541 3272 635 3337 fideli
651 3318 753 3336 .....
769 3273 814 3336 ob
828 3271 902 3336 eius
917 3272 1017 3338 fidele
1031 3272 1244 3356 obsequium.

940 3375 1031 3459 Abp.
1046 3375 1180 3458 Lyfing‚
1195 3373 1289 3439 1042.

376 3475 419 3537 A.
442 3492 506 3557 pro
520 3475 704 3541 remedium
719 3475 854 3542 animae
867 3497 975 3542 meae.

579 3575 749 3659 Papyrus
794 3575 887 3641 First
899 3575 977 3641 half
986 3576 1026 3639 of
1035 3575 1092 3640 the
1107 3572 1168 3642 vth
1183 3581 1335 3658 century.
1416 3655 1417 3659 Ἰ

689 3676 817 3742 Meffei.
834 3677 869 3742 S.
884 3676 929 3741 D.
944 3697 978 3760 p.
990 3677 1064 3743 143.

377 3777 418 3842 B.
449 3798 513 3862 pro
547 3778 682 3844 animae
714 3785 855 3843 nostrae
886 3779 1047 3858 remedio,
1074 3777 1132 3843 uel
1160 3795 1222 3860 pro
1249 3775 1335 3840 meis

334 3880 488 3963 peccatis
502 3878 707 3944 minuendis.
826 3879 983 3947 Marculs.
1006 3881 1098 3965 App.
1115 3879 1182 3944 No.
1201 3893 1292 3942 x111.

379 3980 419 4046 C.
440 3982 484 4048 ob
499 4000 648 4047 emonem
662 3981 821 4048 coelestis
836 3985 978 4067 patriae.
1035 3981 1192 4047 Maronis.
1208 3981 1245 4045 ii.
1259 3979 1292 4043 2.

381 4082 424 4146 D.
446 4101 510 4165 pro
524 4085 672 4151 remedio
686 4085 820 4150 animae
834 4093 982 4151 nostrae.

603 4194 606 4198 ’
678 4187 793 4270 Pipin,
806 4187 870 4253 691
884 4187 1110 4274 (Brequigny,
1125 4185 1147 4250 i.
1159 4183 1252 4268 318.)
