3134 5030
444 425 616 473 cHAlt'l'AE
639 425 979 473 Ancnosnxomclu.
1172 409 1240 477 291*

183 585 219 646 u⁰
256 582 463 648 sceldesford
501 591 536 649 et
576 583 753 650 dimidium
795 583 899 648 riuuli
942 583 1089 665 paludis.
1164 584 1233 650 Seu

182 685 286 748 etiam
315 705 393 748 cum
422 685 484 750 illa
513 684 746 750 munificentia
774 683 875 748 huius
902 691 1014 750 terrae
1035 684 1230 770 omnibusq:

181 786 280 849 bonis
313 803 401 868 quas
434 784 503 849 illis
542 784 689 850 fecerim.
729 792 913 868 postquam
950 785 1011 848 nia
1040 788 1230 851 communis

180 885 405 969 congregatio
426 905 488 968 per
504 883 540 949 di
557 886 705 968 gratiam
727 884 821 950 facta
842 893 906 950 est.
927 885 971 948 ad
994 885 1095 950 istam
1117 906 1228 952 meam

179 985 344 1050 familiam
372 985 538 1067 flagitabo
569 993 609 1049 ut
638 1006 693 1050 me
716 1005 794 1049 cum
825 985 951 1051 diuinis
979 986 1226 1070 spiritalibusq:

179 1085 278 1150 bonis
307 1106 442 1169 semper
471 1085 662 1151 memorare
691 1087 899 1174 concedant.⁴
920 1086 1060 1168 talemq:
1092 1087 1227 1152 adiuto-

180 1187 268 1250 rium
281 1205 344 1270 pro
362 1186 539 1270 refrigerio
559 1188 672 1251 anime
695 1207 791 1252 meae
813 1187 849 1250 in
873 1188 1079 1270 elemosynis
1101 1188 1227 1253 salmo-

179 1287 279 1371 diisq:
309 1307 350 1352 ac
379 1288 609 1352 celebratione
636 1288 817 1352 missarum
843 1287 974 1352 faciant
999 1288 1136 1370 qualem
1157 1289 1226 1353 illis

179 1388 317 1452 uidetur
337 1388 429 1471 quod
452 1389 615 1472 perlicere
637 1389 788 1471 possint.
840 1386 928 1470 Aeq:
952 1387 1152 1452 condicione
1174 1388 1228 1451 in-

180 1489 461 1573 terpositahanc
485 1488 695 1571 praedictam
717 1488 867 1570 agellum
886 1489 1033 1552 donabo.
1058 1496 1097 1552 ut
1111 1491 1227 1554 omnia

180 1589 241 1653 nia
264 1597 344 1654 acta
364 1597 400 1654 et
421 1589 515 1654 dicta
535 1609 557 1652 a
581 1590 680 1653 nobis
704 1596 786 1654 ante
807 1588 966 1656 condicta
984 1588 1082 1652 firma
1103 1589 1226 1653 immu-

179 1697 289 1772 tataq:
324 1689 570 1774 perpetualiter
605 1697 769 1754 maneant
796 1695 831 1752 et
860 1709 996 1770 semper
1018 1689 1062 1752 ad
1086 1689 1228 1754 meliora

177 1791 270 1872 quod
297 1790 342 1854 ad
371 1792 499 1855 bonum
528 1790 724 1856 condictum
754 1789 934 1854 habuimus
961 1787 1007 1854 do
1035 1790 1227 1854 auxiliante

177 1891 380 1975 unusquisq:
427 1909 613 1973 augescere
656 1891 854 1955 contendat.
937 1889 1085 1971 Insuper
1122 1890 1226 1955 etiam

176 1990 272 2055 illam
311 1999 439 2056 terram
476 1991 568 2074 quod
601 1991 776 2075 oynehard
815 1991 892 2054 diat:
930 1989 1051 2055 habuit
1095 1996 1130 2054 et
1169 1990 1228 2054 ille

177 2092 260 2156 mihi
283 2092 434 2157 donauit.
460 2091 561 2174 siuiq:
577 2093 620 2156 -in
639 2091 778 2175 proprii
800 2089 1025 2156 hereditatem
1047 2109 1069 2154 a
1087 2091 1227 2171 regibus

175 2192 361 2275 ecgberhto
382 2200 418 2257 et
440 2190 630 2256 aedeluulfo
649 2192 779 2255 donata
800 2191 923 2256 suerat.
942 2190 1042 2258 hoc÷
1069 2201 1226 2254 mxxv,

177 2301 332 2375 seffltum
358 2313 435 2358 curn
465 2292 581 2356 libello
610 2291 761 2356 eiusdem
788 2289 892 2372 agelli
921 2336 928 2351 .
958 2291 1028 2355 ista
1059 2289 1226 2372 praedicta

176 2393 307 2458 familia
338 2393 374 2457 in
409 2392 614 2456 dorouernia
650 2399 730 2475 post
765 2388 838 2454 dies
868 2408 963 2453 meos
996 2408 1059 2473 pro
1088 2389 1226 2456 niorum

124 2523 128 2530 ·
176 2495 353 2558 amborum
380 2493 536 2557 animari
563 2492 676 2556 salute
709 2491 854 2556 donabo.
889 2490 988 2573 hacq:
1025 2490 1225 2556 condicione

175 2601 215 2658 ut
228 2613 363 2676 semper
381 2612 523 2676 uespere
544 2590 750 2675 matutinaq:
767 2597 921 2673 tempore
942 2589 1079 2673 quando
1099 2590 1224 2656 fratres

177 2694 219 2760 ad
235 2693 415 2760 ecclesiam
427 2694 520 2758 beati
542 2692 632 2776 petri
652 2691 803 2774 apostoli
825 2691 869 2755 ad
891 2697 1091 2756 consuetam
1113 2693 1224 2758 canti·

176 2815 253 2858 cum
265 2795 517 2877 ingrediuntur,
532 2812 595 2876 pro
609 2791 861 2876 supplicatione
877 2791 1003 2855 animae
1024 2789 1116 2853 illius
1137 2791 1224 2856 illud

175 2894 383 2960 dominicum
413 2895 604 2959 orationem
641 2900 742 2976 pater
778 2898 896 2956 noster
930 2891 1127 2955 decantent.
1162 2911 1223 2956 seu

175 2996 279 3060 etiam
297 2994 399 3058 illum
421 3002 553 3059 curtem
569 2987 677 3076 'quem
690 2983 1007 3056 dodda'monaclrus
1025 2991 1062 3054 in
1084 3009 1223 3056 monas-

174 3097 262 3160 terio
284 3095 405 3159 habuit
429 3102 464 3160 et
489 3094 558 3159 siui
586 3094 622 3159 in
650 3093 825 3176 propriam
852 3091 1104 3175 possessiouem
1132 3093 1222 3175 opti-

174 3198 278 3261 nebat
301 3203 389 3278 post-
403 3193 643 3278 migrationem
665 3191 724 3280 sps
747 3195 815 3259 mei
837 3211 879 3257 ae
901 3191 974 3256 scio
998 3211 1061 3275 pro
1084 3192 1222 3257 nicrum

175 3297 366 3360 animarum
400 3296 513 3360 salute
545 3291 610 3359 hoc
637 3302 690 3358 est
718 3294 785 3357 mei
814 3291 1001 3376 eynehardi
1026 3298 1062 3356 et
1086 3293 1223 3356 doddan

175 3397 254 3460 huie
282 3397 400 3461 eadem
427 3395 577 3460 familiae
605 3394 648 3458 ad
684 3393 861 3476 proprium
897 3407 997 3456 usum
1035 3391 1224 3456 liberaliter

175 3497 354 3580 feliciterq:
389 3495 630 3579 perfruendum
654 3493 817 3557 concedo.
847 3493 892 3556 ad
921 3507 1104 3574 quacumq:
1132 3492 1225 3555 utili-

174 3603 247 3664 tate
269 3599 300 3662 ei
326 3598 493 3681 placuerit
526 3595 542 3658 l
570 3610 709 3659 necesse
736 3593 841 3656 luerit
869 3611 933 3656 sua
965 3592 1106 3674 propria
1134 3594 1224 3657 bona

174 3699 268 3763 intus
299 3697 446 3763 condere
473 3683 623 3761 ualeant.
652 3694 709 3759 uel
737 3693 782 3757 ad
815 3692 1035 3758 refectionem
1071 3692 1224 3756 cicorum

173 3800 313 3881 quando
338 3799 442 3862 alicui
462 3795 681 3880 oportunitas
705 3793 720 3856 l
744 3794 931 3858 necessitas
955 3793 1118 3874 temporis
1140 3811 1223 3857 con-

174 3901 303 3982 tigerit.
368 3898 437 3962 Seu
465 3897 570 3961 etiam
597 3893 736 3978 qnando
764 3896 944 3978 presbyter·
972 3900 1034 3956 aut
1058 3892 1224 3956 diaconus

173 4001 325 4064 familiae
354 3999 447 4062 illius
483 3996 654 4080 corporali
688 3994 890 4059 infirmitate
927 3999 1094 4076 grauatus
1123 3991 1227 4057 suerit

174 4119 328 4183 congruo
354 4100 483 4163 honore
520 4099 568 4162 ibi
603 4097 818 4179 requiescere
851 4096 969 4178 possit.
1007 4112 1071 4175 pro
1102 4092 1225 4176 haneq:

174 4202 301 4268 donate
315 4200 562 4267 commoditate
576 4198 677 4261 huius
686 4196 787 4260 -uillae
803 4195 905 4260 istam
932 4211 1043 4258 meam
1065 4192 1228 4258 deuotam

1030 4293 1078 4338 u2
