3188 5032
478 443 651 494 curasan
674 443 1016 496 nnemsnxomona.
1206 433 1274 499 137

219 601 474 670 clementissimi
497 602 588 684 regis
610 610 691 667 ante
713 603 892 687 praedicti,
915 604 1073 669 consensi
1088 613 1124 670 et
1138 605 1272 690 scripsi.

224 707 265 786 »14
282 705 358 786 Ego
375 702 596 767 Heaberhtus
614 723 677 766 rex
692 705 850 769 consensi
864 712 900 770 et
913 706 1112 789 subscripsi.

207 876 211 885 ,
273 804 468 869 Cohaerent
481 822 564 867 uero
584 803 663 868 huic
686 811 799 868 terrae
821 806 857 868 in
880 825 1060 870 commune
1082 805 1174 869 saltu
1190 805 1274 868 den-

131 990 138 997 ·
220 905 293 970 beri
308 922 363 969 111.
376 903 572 986 Holanspic
583 911 619 968 et
630 903 829 988 Lindhrycg
838 913 873 968 et
885 905 1117 987 Paedanbrig.
1144 906 1184 985 »14
1197 905 1274 988 Ego

220 1005 388 1074 Botuuini
406 1003 543 1066 humilis
562 1005 669 1068 abbas
684 1004 841 1069 consensi
857 1013 892 1070 et
907 1005 1107 1087 subscripsi.
1140 1005 1179 1085 »14
1195 1004 1274 1087 Sig-

222 1125 305 1168 num
318 1123 440 1168 manus
456 1104 560 1168 Esne.
594 1105 633 1185 »14
650 1104 794 1187 Signum
808 1125 931 1168 manus
946 1105 1105 1169 Uhtredi.
1140 1105 1179 1185 »14
1196 1104 1275 1187 Sig-

221 1224 305 1268 num
332 1223 455 1268 manus
483 1204 650 1268 Broerda.
706 1206 745 1286 »14
765 1204 910 1287 Signum
941 1224 1063 1269 manus
1092 1205 1274 1270 Eadbaldi.

222 1307 266 1387 Ι»14
277 1304 422 1386 Signum
432 1323 554 1368 manus
564 1305 778 1369 Berhtualdi.
808 1307 847 1387 »14
857 1306 1002 1388 Signum
1012 1304 1275 1370 manusBobba.

229 1407 268 1487 »14
284 1405 429 1486 Signum
444 1422 566 1468 manus
584 1402 665 1468 Cec.
712 1406 752 1485 »14
767 1405 912 1487 Signum
924 1424 1046 1469 manus
1062 1404 1275 1488 Huuithyse.

229 1507 268 1587 »14
285 1505 429 1586 Signum
443 1519 566 1567 manus
578 1504 672 1569 Esne
683 1504 799 1568 fratris
807 1505 892 1568 eius.
944 1507 983 1587 »14
999 1505 1143 1586 Signum
1153 1525 1276 1570 manus

223 1604 456 1669 Badoheardi.
513 1606 552 1686 »14
569 1605 712 1687 Signum
726 1624 848 1668 manus
860 1605 1020 1688 Egbaldi.
1076 1607 1115 1687 »14
1132 1605 1276 1688 Signum

222 1725 348 1772 manus
364 1704 562 1770 Suithhuni.
611 1707 650 1787 »14
666 1705 810 1788 Signum
822 1724 945 1770 manus
960 1705 1138 1788 Eangesli.
1273 1760 1276 1770 .

684 2005 812 2072 CXII.

558 2157 579 2200 *
603 2155 748 2235 OFFA,
763 2157 948 2225 rsa-764.

276 2313 315 2393 »14
332 2310 378 2374 ΙΝ
394 2309 529 2374 nominc
543 2307 719 2390 regnantis
734 2308 1001 2389 inperpetuum!
1034 2307 1110 2390 Ego
1123 2307 1202 2373 offa
1214 2329 1278 2372 rex

228 2411 449 2488 Marciorum,
457 2410 553 2473 illam
562 2408 890 2487 donationemquam
900 2406 1279 2488 rexgloriosusAethil·

226 2510 349 2599 baldus
363 2511 427 2575 deo
443 2509 680 2592 omnipotenti,
695 2508 887 2590 gratiarum
899 2507 1099 2588 persoluens
1112 2507 1278 2587 actiones

229 2611 429 2675 Mildrithae
444 2610 640 2674 abbatissae
660 2608 704 2672 de
724 2608 824 2672 nauis
848 2614 994 2671 onustae
1015 2610 1278 2673 transuectionis

229 2731 345 2788 censu,
357 2709 679 2793 quiatheloneariis
691 2709 907 2790 exigebatur,
917 2706 1071 2771 conferre
1083 2706 1205 2786 uoluit,
1216 2728 1279 2790 pro

229 2812 378 2876 remedio
404 2810 539 2876 animae
564 2827 661 2873 meae
683 2816 719 2873 et
742 2828 804 2891 pro
830 2807 1062 2872 munificentia
1089 2806 1280 2870 orationum

229 2920 438 2988 sanctarum,
457 2911 520 2975 tibi
540 2909 751 2992 Sigeburgae
777 2907 930 2972 eiusdem
955 2906 1154 2971 monasterii
1176 2908 1280 2970 abba-

229 3013 335 3076 tissae
350 3012 546 3076 condonans
564 3010 726 3074 attribuo.
766 3006 825 3073 Ad
845 3008 935 3073 hanc
959 3007 1186 3071 conditionem
1210 3008 1281 3090 sig·

231 3132 313 3177 num
327 3112 514 3175 saluatoris
532 3109 643 3174 nostri
656 3109 796 3193 propria
820 3129 924 3174 manu
948 3107 1095 3186 firmani,
1125 3115 1161 3172 et
1174 3114 1281 3172 testes

229 3221 270 3277 ut
284 3213 535 3276 subscriberent
548 3211 682 3292 rogaui.
1015 3263 1019 3273 ,

229 3371 233 3377 .
287 3315 326 3395 »14
344 3313 420 3394 Ego
456 3311 698 3392 Bregouuinus
736 3307 1013 3392 archiepiscopus
1044 3309 1202 3372 consensi
1248 3317 1282 3374 et

232 3413 430 3495 subscripsi.
488 3411 527 3491 »14
543 3410 686 3495 Signum
708 3409 840 3472 Tottan
865 3409 1029 3491 episcopi.
1083 3410 1123 3490 »14
1140 3409 1283 3490 Signum

235 3512 374 3576 Milredi
418 3510 581 3595 episcopi.
664 3511 703 3591 »14
729 3508 873 3590 Signum
916 3509 1076 3590 Ecguulfi
1119 3509 1284 3591 episcopi.

239 3614 278 3694 »14
296 3612 441 3694 Signum
456 3610 610 3676 Bardulfi
624 3609 787 3693 episcopi.

467 3899 469 3902 >
685 3858 834 3924 CXIIIz

445 3983 716 4051 ECGBERHT
741 3983 805 4047 OF
829 3981 981 4058 ΚΕΝΤ,
1002 3979 1081 4044 765.

231 4157 235 4166 ·
292 4114 331 4194 »14
349 4113 395 4176 ΙΝ
409 4112 546 4174 nomine
565 4109 688 4172 summi
714 4107 897 4172 saluatoris
913 4113 948 4170 et
961 4104 1091 4168 domini
1104 4106 1213 4170 nostri
1228 4107 1287 4188 qui

232 4214 362 4298 -ubiquc
375 4211 529 4297 disponit
540 4210 655 4277 omnia
668 4210 676 4276 i
729 4209 804 4292 Ego
816 4207 1044 4298 Ecgberhtus,
1056 4225 1118 4270 rex
1129 4205 1286 4284 cantiae,
