3134 5030
318 389 384 456 236
574 401 747 450 cunnrnn
771 401 1112 451 Anonosnxonrcnn.

319 551 502 645 dentessset
515 579 593 625 cum
608 559 708 641 signo
730 558 842 622 sancti
868 556 1034 622 Guthlaci
1058 557 1095 620 in
1120 557 1195 620 suis
1217 553 1372 639 capuciis

319 664 376 727 uel
392 660 533 745 capellis
549 660 758 736 recedentes,
781 657 907 724 liberos
926 665 961 722 et
975 658 1108 722 solutos
1122 658 1166 720 ab
1182 657 1275 721 omni
1289 675 1373 738 pas·

320 763 419 845 sagio
434 769 475 826 et.
483 761 624 838 telonio,
639 760 834 840 ubicunqne
851 758 1009 822 uenerint
1023 777 1085 839 per
1098 762 1209 821 totum
1226 776 1372 837 regnum

322 863 475 926 Merciae
496 861 703 944 ‚perenniter
731 879 806 923 esse
829 859 921 922 uolo.
973 857 1040 922 Sed
1063 865 1098 920 ct
1119 857 1374 939 eleemosynam

321 981 425 1044 quam
436 961 632 1025 Thoroldus
650 961 841 1023 uicecomes
855 958 1056 1022 Lincolniae
1070 956 1165 1022 dedit
1179 956 1279 1021 dictis
1297 977 1372 1020 mo-

320 1062 440 1127 nachis
462 1062 496 1124 in
522 1059 738 1138 Bocenhale3
766 1060 849 1124 item
871 1059 1121 1141 eleemosynam
1142 1076 1246 1139 quam
1263 1055 1373 1120 Gaul-

319 1163 410 1246 phus
425 1161 515 1225 lilius
530 1159 634 1226 Malu
653 1158 747 1223 dedit
765 1159 834 1223 illis
848 1160 886 1221 in
898 1157 1163 1241 Halingtunen3
1187 1157 1269 1221 item
1282 1156 1375 1223 elee-

320 1281 500 1345 mosynam
514 1279 618 1343 quam
635 1259 814 1341 Fregistus
826 1258 924 1322 miles
938 1257 1184 1335 ualidissimuS,
1197 1258 1375 1339 quondam

321 1363 487 1445 magister
502 1379 609 1438 meus,
624 1360 719 1424 dedit
732 1359 801 1423 illis
816 1359 853 1423 in
868 1357 1052 1440 Langtol't3
1068 1364 1104 1421 et
1119 1357 1375 1441 eleemosynam

322 1482 426 1545 quam
442 1459 606 1543 Algarus,
621 1460 719 1523 miles
735 1460 839 1522 ctiam
861 1457 990 1522 dudum
1011 1477 1121 1535 meuS,
1138 1457 1233 1521 dedit
1251 1457 1321 1522 illis
1335 1459 1373 1521 in

323 1564 456 1627 Baston
466 1562 546 1625 etin
562 1559 769 1644 Repingale,
784 1559 848 1623 deo
867 1578 908 1623 ac
925 1565 1047 1622 sancto
1066 1556 1241 1622 Guthlaco
1261 1557 1373 1622 dicto-

323 1683 389 1745 que
411 1661 621 1725 monasterio
638 1679 679 1724 ac
692 1659 868 1743 monachis
883 1659 920 1722 in
936 1679 978 1723 eo
995 1658 1060 1722 deo
1080 1658 1322 1736 seruientibus
1336 1659 1376 1722 in

322 1768 525 1845 perpetuam
546 1761 797 1844 possessionem
812 1759 975 1852 concedo,
988 1757 1131 1831 confero
1146 1765 1181 1824 et
1195 1758 1376 1824 confirmo.

366 1860 471 1926 Anno
487 1860 734 1925 incarnationis
749 1859 879 1924 Christi
896 1859 1181 1941 octingentesimo
1196 1865 1311 1936 sexto,
1325 1860 1375 1922 is-

323 1962 385 2026 tud
396 1961 660 2044 chirographum
677 1979 742 2041 ego
757 1958 964 2046 Kenulphus
977 1959 1186 2042 Merciorum
1200 1978 1263 2032 rex
1272 1959 1375 2040 signo

323 2069 464 2128 sanctae
474 2049 585 2125 crucis
601 2060 816 2142 consignaui.
857 2061 897 2140 ›1‹
913 2059 989 2142 Ego
1004 2056 1193 2123 Uulsradus
1205 2058 1377 2141 archiepi-

323 2181 448 2245 scopus
461 2161 698 2226 Doroberniae
713 2160 786 2223 lieri
799 2159 967 2224 consului.
1004 2161 1044 2241 ›1‹
1059 2159 1135 2241 Ego
1151 2157 1377 2243 Kynebertus

321 2263 503 2345 opiscopus
542 2260 773 2325 Uuinchester
809 2260 1005 2324 subnotaui.
1072 2261 1112 2341 ›1‹
1139 2258 1214 2340 Ego
1251 2259 1378 2322 Uuon-

321 2381 438 2426 uuona
453 2361 638 2445 episcopus
647 2360 925 2442 [legecestrensis
936 2358 1106 2424 consensi.
1148 2358 1279 2442 ›14Eg0
1295 2358 1378 2422 Cel-

321 2462 423 2526 redus
439 2462 546 2526 abbas
559 2461 602 2524 de
619 2460 911 2538 Medeshamsted,
927 2478 1111 2541 germanus
1126 2458 1234 2522 frater
1244 2457 1376 2522 domini

322 2561 482 2624 Sinuardi
505 2561 653 2639 abbatie,
678 2561 824 2625 multum
849 2559 1043 2642 procuraui.
1101 2559 1140 2642 ›1‹
1163 2558 1239 2640 Ego
1263 2557 1378 2623 Cuth-

321 2662 423 2725 redus
439 2682 502 2726 rex
514 2659 792 2738 Cantuariorum
805 2660 848 2724 ad
866 2661 1046 2743 imperium
1058 2659 1186 2722 domini
1199 2659 1267 2723 mei
1282 2660 1378 2742 regis

324 2761 515 2844 Kenulphi,
538 2780 717 2825 assensum
741 2760 830 2825 dedi.
888 2763 927 2842 ›1‹
948 2761 1025 2843 Ego
1039 2759 1253 2841 Celuulphus
1267 2759 1379 2824 frater

323 2860 451 2926 domini
475 2849 573 2942 regis
593 2860 771 2942 Kenulphi
798 2861 1000 2943 approbaui.
1056 2861 1096 2941 ›1‹
1118 2859 1195 2942 Ego
1220 2858 1377 2942 Algarus

322 2955 479 3026 ‘minister
492 2960 585 3025 affui.
642 2964 682 3043 ›1‹
702 2960 778 3043 Ego
799 2959 908 3042 Sigga
929 2963 1120 3043 presbyter,
1141 2959 1376 3042 praecipiente

324 3061 463 3125 domino
482 3081 558 3125 meo
573 3081 655 3142 rege
672 3059 870 3142 Kenulpho‚
894 3060 958 3124 hoc
981 3060 1246 3142 chirographum
1269 3079 1377 3124 manu

324 3181 401 3224 mea
423 3161 588 3243 scriptum
607 3162 644 3226 in
658 3161 855 3244 praesentia
868 3159 1037 3224 dictorum
1051 3159 1299 3223 uenerabilium
1313 3178 1376 3241 pa-

322 3268 413 3325 trum
428 3268 463 3324 et
473 3259 688 3325 dominorum
699 3279 863 3337 meorum,
873 3259 1029 3342 praefato
1040 3260 1226 3324 uenerabili
1236 3259 1377 3323 domino

324 3361 494 3426 Sinuardo
505 3361 623 3425 abbati
637 3359 868 3444 croylandiae
882 3359 1130 3424 commendaui.

763 3646 943 3712 cxcrn.

624 3794 646 3838 r
671 3760 954 3876 conruens,
978 3797 1054 3862 sos.

378 3907 638 4028 {parentine
661 3947 698 4009 in
726 3953 932 4028 perpetuum
957 3946 1096 4011 domino
1122 3953 1240 4012 nostro
1271 3946 1378 4011 Ihesu

324 4046 481 4111 Christo!
535 4047 611 4130 Ego
632 4044 800 4129 Cynulsus
823 4066 885 4109 rex
913 4046 1091 4112 Saxonum
1111 4046 1189 4111 dedi
1211 4047 1377 4112 fratribus

322 4147 359 4208 in
383 4147 590 4242 monasterio
604 4146 723 4212 Sancti
740 4145 836 4212 Petri
859 4146 951 4230 quod
972 4149 1076 4212 situm
1099 4155 1153 4212 est
1167 4149 1209 4213 in
1233 4147 1376 4212 ciuitate
