3134 5030
440 445 613 493 cunnrnn
636 441 978 492 iucnosnxomonn.
1166 423 1232 489 235

180 606 320 688 userran
342 603 452 684 dogor
475 623 520 667 on
542 621 676 686 naenge
698 603 796 666 ethre
818 601 911 665 halfe
927 597 1159 663 oncaerrende
1182 599 1232 661 sie

181 707 297 785 nimpe
307 722 396 770 ,suae
410 705 459 788 lim
473 703 616 784 gewrit.
633 703 770 768 haiath.

288 807 327 886 ›1‹
343 802 489 867 Uullred
504 804 648 885 arcepi's.
748 823 774 880 γ
805 804 844 884 ›1‹
858 798 1084 865 Aethelnoth.

288 907 328 986 ›1‹
343 902 564 986 Feol[o]geld
579 922 621 986 pr
634 905 690 969 ab.
806 905 845 984 ›1‹
860 900 1059 980 Gaenbnrg.

289 1005 329 1085 ›1‹
342 1002 542 1069 Aethelhun
557 1003 606 1086 pi.
805 1003 845 1083 ›1‹
860 1001 965 1066 Esne.

291 1106 330 1186 ›1‹
346 1103 542 1168 Guthberht
554 1103 623 1186 pi„
818 1156 821 1162 .

233 1205 338 1289 pisses
350 1202 471 1268 londes
486 1223 571 1268 aran
586 1201 675 1266 thrie
689 1200 816 1283 sulong
829 1207 887 1265 aet
900 1191 1084 1281 haegethe¹
1101 1197 1233 1263 thome.

184 1304 318 1385 andgif
328 1303 427 1368 hiora
439 1303 542 1367 otliru
557 1302 678 1367 oththe
692 1303 792 1366 baem
805 1301 886 1365 siith
901 1299 1103 1382 lorgelimpe
1117 1299 1236 1380 biscop

186 1404 264 1469 that
279 1404 361 1468 lond
375 1405 529 1488 gebycge
542 1421 627 1467 suae
639 1402 695 1466 hie
707 1401 836 1467 thonne
850 1399 1055 1484 geweorthe.

628 1727 787 1795 oxon.

352 1861 659 1972 aconuuunn
683 1905 747 1970 on
770 1903 981 1984 munem,
995 1847 1074 1971 een

245 2079 284 2159 ›1‹
300 2077 504 2170 Knuunuus
528 2078 584 2142 dei
601 2077 835 2147 misericordia
854 2099 916 2144 rex
930 2081 1151 2160 Marciorum,
1165 2101 1239 2146 om·

190 2177 289 2241 nibus
325 2179 582 2270 mediterraneis
611 2177 738 2262 Anglis
760 2198 823 2262 per
846 2181 1044 2250 uniuersam
1068 2181 1237 2246 Meroiam

191 2277 292 2356 fidem
327 2279 568 2344 confitentibus
602 2276 848 2356 Christianam,
883 2298 1003 2361 pacem
1041 2281 1241 2364 perfectam,

191 2380 502 2462 sempiternamque
526 2379 693 2464 salutem!
738 2377 868 2454 Omnes
892 2387 928 2443 et
950 2379 1079 2462 singuli
1099 2381 1240 2456 scitote,

192 2479 276 2560 quia
291 2474 447 2568 (lominus
462 2487 619 2544 sanctum
636 2497 737 2543 suum
751 2478 949 2543 mirificauit
964 2480 1074 2562 signis
1089 2480 1240 2544 celeber·

192 2579 287 2642 rimis
301 2585 337 2642 et
351 2578 538 2660 praeclaris
559 2576 736 2661 prodigiis,
756 2579 992 2643 beatissimum
1014 2579 1143 2645 Christi
1157 2599 1240 2644 con·

192 2678 356 2754 sessorem
371 2677 595 2757 Guthlacum,
613 2679 650 2742 in
672 2679 881 2744 monasterio
896 2678 1148 2762 croylandensi
1163 2698 1239 2743 cor·
1346 2750 1353 2771 ι

192 2779 358 2862 penaliter
371 2780 615 2862 quiescentem,
630 2785 665 2843 et
679 2780 779 2844 nouis
793 2799 835 2844 ac
848 2779 1036 2844 innumeris
1055 2779 1241 2856 miraculis,

193 2886 295 2964 prout
305 2899 371 2962 ego
385 2899 427 2944 ac
441 2879 562 2962 regina
574 2898 652 2942 mea
661 2876 698 2942 in
709 2887 829 2944 nostra
843 2879 1119 2962 peregrinatione
1132 2898 1244 2962 nuper

194 2979 302 3043 oculis
317 2980 445 3046 nostris
460 2979 622 3057 uidimus,
635 2979 789 3062 quotidie
803 2979 929 3044 clarius
945 2979 988 3043 ad
1002 2979 1109 3044 totius
1124 2980 1243 3044 mundi

194 3080 353 3144 notitiam
375 3087 624 3168 commeantem.
676 3077 779 3170 Unde
802 3079 846 3145 ad
864 3067 1149 3162 supplicationem
1164 3080 1243 3144 reli-

196 3179 380 3260 glosissimi
394 3181 461 3244 uiri
473 3189 509 3244 et
521 3179 712 3262 spiritualis
727 3182 837 3264 patris
852 3200 894 3245 ac
916 3181 1103 3246 consiliarii
1122 3181 1243 3257 nostri,

196 3279 326 3343 domini
354 3279 515 3344 Siuuardi
538 3280 674 3344 abbatis
702 3281 786 3345 dicti
810 3280 1020 3356 monasterii,
1043 3282 1244 3356 consulente

195 3378 286 3442 idem
301 3398 342 3443 ac
355 3386 592 3468 commonente
607 3380 795 3443 uenerabili
807 3378 1053 3462 putredomino
1063 3378 1244 3445 Wulsredo

198 3479 453 3561 archiepiscopo
476 3479 746 3554 Dorobernensi,
772 3486 855 3542 tunc
882 3484 1023 3542 nostrae
1046 3478 1244 3559 peregrina-

196 3580 301 3644 tionis
325 3580 460 3656 comite,
488 3578 619 3642 dictum
644 3578 890 3641 monasterium
913 3577 1142 3661 Croylandiae
1166 3596 1244 3640 cum

198 3686 273 3744 tota
301 3679 417 3741 insula
441 3678 633 3754 adiacente,
658 3676 748 3750 sicut
771 3677 808 3742 in
833 3684 931 3740 carta
956 3676 1129 3760 quondam
1153 3677 1245 3758 regis

199 3776 419 3843 Aethelbaldi
442 3777 636 3841 fundatoris
661 3777 716 3840 sui
746 3795 808 3858 per
832 3774 959 3840 limites
989 3784 1043 3841 est
1071 3775 1246 3854 distincta,

198 3879 384 3943 monachos
405 3875 685 3942 etiam-eiusdem
708 3876 918 3954 monasterii,
938 3884 974 3941 et
990 3894 1185 3952 conuersos,
1206 3894 1247 3940 ac

198 3997 317 4050 seruos
331 3979 511 4056 uniuersos
524 3977 562 4040 in
577 3976 769 4050 custodiam
781 3977 881 4060 capio
894 3996 991 4041 meae
1011 3975 1246 4058 protectionis.

199 4078 347 4162 Insuper
358 4078 559 4164 peregrinos
574 4096 694 4142 omnes
712 4077 795 4142 illuc
815 4095 922 4140 causa
944 4075 1137 4142 deuotionis
1150 4095 1248 4141 acce·

561 4212 569 4246 ¹
582 4215 728 4278 haegesthe,
738 4211 883 4265 o'connor.
