3112 5032
437 443 609 498 curaris
632 444 972 494 aucnossxourcnu.
1167 431 1232 494 171

182 599 350 662 dederunt
373 600 586 682 propinquae
608 620 705 666 meae
722 602 906 684 Eanburge
928 602 1126 668 abbatissae
1147 611 1234 666 tem-

182 719 266 781 pore
280 697 412 762 dierum
426 699 519 765 illius
533 701 786 782 possidendam,
799 722 866 784 ego
880 722 1018 784 quoqne
1031 721 1158 785 augere
1173 721 1234 765 cu·

183 799 287 878 rabo;
303 806 339 862 et
346 819 410 881 pro
425 817 486 881 spe
501 819 670 883 supernae
684 802 971 866 remunerationis
984 801 1022 864 in
1035 803 1116 866 sede
1126 801 1235 883 regali

183 897 306 962 sedens
332 899 387 962 die
416 899 567 963 secundo
592 901 787 966 natiuitatis
808 901 949 979 domini,
965 901 1001 965 id
1025 908 1090 978 est,
1112 921 1154 964 eo
1180 899 1235 963 die

184 1017 253 1079 quo
274 997 458 1078 primicerii
478 1007 669 1082 martyrum
690 1001 784 1065 beati
805 1000 973 1084 Stephani
991 1001 1158 1065 natiuitas
1178 1020 1234 1064 ce·

185 1097 349 1173 lebratur,
370 1097 408 1160 in
429 1098 694 1177 Tamouuorbie,
709 1101 1002 1166 consentientibus
1016 1119 1150 1164 mecum
1163 1101 1236 1182 epi-

82 1271 86 1276 ,
185 1196 298 1278 scopis
323 1203 427 1279 atque
449 1197 660 1281 principibus
682 1200 767 1262 meis
792 1218 938 1280 quorum
960 1199 1052 1264 infra
1076 1199 1180 1280 signa
1201 1205 1237 1262 et

186 1295 326 1359 nomina
339 1316 402 1378 pro
415 1295 587 1362 firmitatis
609 1298 842 1362 stabilimento
862 1299 986 1363 litteris
1011 1299 1150 1376 notabo,
1166 1298 1237 1381 pri·

186 1395 351 1476 uilegium
369 1396 540 1460 libertatis
556 1397 829 1462 aecclesiasticae
851 1405 963 1462 terrae
984 1397 1078 1462 illius
1092 1398 1238 1462 libenter

186 1495 404 1584 subscribens
426 1495 635 1579 perdonabo,
659 1505 700 1561 ut
723 1497 770 1561 sit
792 1498 885 1560 omni
915 1498 1044 1562 tributo
1068 1497 1236 1580 regalium

185 1593 425 1676 operationum
435 1594 729 1679 refectionumque
742 1597 780 1659 in
793 1604 997 1679 perpetuum
1012 1597 1140 1695 libera3
1157 1603 1236 1660 tan-

189 1701 263 1758 tum
281 1701 322 1758 ut
340 1694 404 1760 deo
418 1694 645 1777 omnipotenti
659 1703 695 1761 et
708 1695 895 1760 aecclesiae
909 1697 1022 1761 sancti
1037 1695 1134 1760 Petri
1147 1715 1238 1778 quae

188 1793 257 1857 sita
279 1801 333 1856 ast
354 1794 390 1857 in
413 1794 603 1876 Uuegorna
616 1796 757 1861 ciuitate
775 1795 822 1859 sit
835 1796 1000 1859 subiecta.

244 1893 283 1972 »14
304 1893 380 1975 Ego
408 1893 499 1970 Offa,
522 1894 661 1958 Christo
688 1894 898 1959 concedente
921 1913 996 1972 rex,
1018 1893 1238 1976 priuilegium

188 1992 358 2056 libertatis
372 1994 606 2076 praescriptae
619 1994 751 2059 telluris
766 2013 871 2058 manu
884 1995 1024 2077 propria
1037 2013 1101 2076 pro
1115 1993 1239 2056 confir-

189 2092 342 2156 matione
354 2093 456 2174 signo
471 2101 611 2158 sanctae
620 2094 731 2158 crucis
745 2094 874 2157 munio.
915 2095 955 2174 »14
970 2094 1047 2175 Ego
1058 2090 1238 2177 Cynebryb

190 2192 255 2255 deo
272 2191 424 2257 donante
439 2193 560 2274 regina
578 2193 788 2258 Merciorum
809 2193 968 2258 consensi
989 2201 1024 2258 et
1040 2191 1239 2274 subscripsi.

196 2292 236 2372 »14
259 2291 334 2372 Ego
360 2291 579 2357 Eadberhtus
604 2294 786 2376 episcopus
810 2291 970 2357 consensi
987 2300 1023 2356 et
1040 2291 1239 2373 subscripsi.

198 2392 237 2471 »14
258 2390 335 2472 Ego
350 2390 598 2474 Hygeberhtus
613 2393 794 2475 episcopus
816 2392 977 2455 consensi
989 2398 1025 2455 et
1037 2391 1238 2472 subscripsi.

198 2492 238 2572 »14
258 2490 334 2572 Ego
359 2489 564 2556 Haboredus
596 2492 777 2574 episcopus
802 2492 961 2556 consensi
983 2498 1020 2555 et
1040 2490 1239 2572 subscripsi.

198 2590 237 2669 »14
258 2590 402 2672 Signum
417 2610 540 2655 manus
552 2591 724 2656 Brordani
738 2591 914 2675 principis.
951 2593 990 2673 »14
1007 2591 1151 2671 Signum
1165 2609 1239 2654 ma·
1276 2630 1279 2636 -

194 2709 260 2752 nus
285 2690 514 2754 Berhtuualdi
539 2691 717 2776 principis.
774 2694 814 2774 »14
833 2690 979 2773 Signum
999 2708 1122 2753 manus
1145 2689 1238 2753 Ead-

193 2788 286 2851 baldi
299 2791 474 2873 principis

210 2893 217 2909 '
245 2885 450 2971 conscripta
463 2896 517 2954 est
530 2889 616 2954 haec
629 2891 764 2954 cartula
774 2889 943 2954 libertatis
957 2895 993 2954 et
1007 2887 1240 2952 testimonium

194 2987 365 3070 priuilegii
386 3008 479 3053 anno
501 2991 545 3053 ab
566 2989 806 3054 incarnatione
819 2989 950 3053 domini
963 3005 1170 3052 nccnxxxr.
1185 2988 1240 3052 in·

193 3087 343 3152 dictione
355 3095 492 3170 quarta,
509 3088 564 3152 die
579 3090 689 3156 natali
703 3089 816 3153 sancti
828 3089 997 3173 Stephani
1011 3089 1184 3172 martyris.

641 3381 800 3448 CXLII.

469 3532 491 3574 *
516 3527 660 3608 OFFA,
684 3529 770 3593 Dec.
784 3529 879 3606 toth,
901 3528 974 3593 781.

254 3684 292 3762 »14
308 3679 353 3744 ΙΝ
368 3678 505 3743 nomine
520 3679 649 3743 domini
663 3681 670 3744 l
710 3679 787 3760 Ego
803 3676 882 3740 Offa
897 3676 952 3740 dei
966 3676 1056 3740 dono
1070 3695 1133 3740 rex
1147 3675 1243 3744 Mer·

199 3781 328 3844 ciorum
344 3799 477 3844 necnon
500 3779 536 3841 in
553 3779 699 3843 circuitu
713 3779 903 3854 nationum,
918 3784 1043 3840 terram
1066 3782 1145 3838 octo
1167 3795 1244 3839 cas-

199 3887 353 3943 satorum
375 3899 439 3962 pro
459 3879 694 3943 uicissitudine
717 3884 753 3941 et
773 3876 1030 3960 comparatione
1048 3882 1245 3957 terraeque

200 3979 326 4042 dicitur
347 3987 404 4042 aet
430 3979 560 4061 Sapian
582 3979 626 4042 do
651 3979 695 4041 ad
720 3977 921 4040 aecclesiam
946 3982 1087 4039 sanotae
1110 3973 1245 4038 Mariae

201 4097 290 4160 quae
314 4085 452 4142 constat
476 4078 544 4143 sita
565 4079 602 4141 in
628 4077 815 4157 Uuegerna
837 4076 989 4151 ciuitate,
1008 4074 1043 4137 id
1063 4081 1116 4137 est
1130 4073 1244 4138 uicum

182 4161 260 4261 ⁸qui
285 4179 483 4242 nominatur
503 4178 703 4254 Icancumb,
726 4175 780 4238 his*
811 4174 966 4246 terminis
992 4173 1245 4254 adiacentibus3
