3188 5032
481 461 654 509 cunnnnn
678 459 1017 509 Anonosnxourcnn.
1206 444 1275 510 105

622 715 873 782 LXXXVII.

374 864 702 935 AETHILBALD
728 865 793 930 OF
817 862 1026 945 MERCIA,
1047 865 1124 933 742.

221 1073 227 1084 .
280 1016 321 1098 ›1‹
335 1013 445 1082 Anno
453 1017 644 1080 dominicae
659 1014 908 1080 incarnationis
919 1031 1082 1081 nccxnn.
1095 1015 1222 1082 Indict.
1236 1033 1274 1082 x.

223 1116 323 1198 regni
338 1136 423 1184 uero
437 1115 637 1181 aethilbaldi
659 1117 751 1198 regis
765 1097 971 1180 merciorum
987 1132 1110 1182 xxvii.
1130 1135 1276 1198 congre,

222 1224 346 1298 gaium
374 1223 428 1281 est
455 1235 617 1299 magnum
643 1216 824 1280 concilium
846 1215 939 1299 apud
961 1215 1124 1280 clouesbo
1145 1217 1276 1299 praesi-

224 1315 328 1382 dente
342 1316 452 1380 eidem
474 1316 619 1382 concilio
641 1315 851 1381 aethilbaldo
872 1335 955 1399 rege
975 1317 1179 1380 merciorum
1198 1333 1276 1380 eum

224 1416 408 1484 cuthberto
426 1416 683 1500 archiepiscopo
705 1416 928 1481 doroberniae
952 1416 1165 1499 caeterisque
1185 1417 1277 1500 epis,

227 1516 322 1600 copis
344 1516 446 1581 simul
468 1517 698 1581 assidentibus
720 1517 903 1599 diligenter
926 1516 1166 1580 examinantes
1187 1515 1281 1582 circa

228 1616 422 1682 necessario
443 1617 550 1682 totius
567 1616 743 1699 roligionis
766 1623 803 1680 et
822 1616 865 1680 de
886 1616 1042 1700 symbolo
1061 1636 1107 1681 ex
1125 1616 1279 1699 antiquis

225 1722 426 1783 sanctorum
449 1723 587 1799 patrum
611 1717 886 1782 institutionibus
908 1715 1036 1780 tradito
1057 1715 1279 1800 studioseque

229 1817 464 1898 perquirentes
484 1817 633 1899 qualiter
650 1817 687 1882 in
709 1815 895 1900 primordio
916 1815 1091 1880 nascentis
1114 1817 1279 1884 ecclesiae

229 1915 286 1982 bic
300 1916 337 1984 in
352 1917 471 2000 anglia
492 1917 673 1982 iubebatur
692 1915 810 1980 baberi
835 1923 896 1980 aut
914 1917 974 1980 ubi
994 1915 1105 1982 bonor
1119 1918 1279 1982 coenobi·

229 2036 328 2084 orum
357 2017 546 2082 secundum
568 2036 722 2081 normam
743 2016 927 2099 aequitatis
949 2024 1155 2082 seruaretur.
1194 2016 1280 2082 baec

230 2124 266 2181 et
297 2117 363 2181 biis
394 2117 526 2180 familia
551 2117 655 2181 anxie
681 2117 895 2200 inquirentes
932 2116 1144 2199 antiquaque
1172 2117 1280 2200 priui,

227 2218 322 2300 *legia
344 2216 530 2282 recitantes
558 2216 698 2282 tandem
725 2217 884 2300 peruenit
913 2216 958 2280 ad
987 2234 1111 2282 manns
1139 2216 1280 2282 libertas

231 2317 452 2382 ecclesiarum
480 2324 517 2381 et
543 2317 716 2382 institutio
744 2317 801 2380 uel
832 2321 1054 2398 praeceptum
1085 2315 1282 2384 uuithraedi

230 2417 372 2499 gloriosi
393 2416 485 2499 regis
505 2417 548 2484 de
573 2417 739 2480 electione
758 2422 793 2479 et
813 2415 1018 2480 auctoritate
1040 2417 1279 2481 coenobiorum

229 2518 266 2582 in
281 2538 389 2603 regno
411 2517 548 2584 cantiae
561 2516 732 2599 quomodo
746 2523 782 2580 et
796 2515 944 2598 qualiter
963 2514 1151 2578 secundum
1172 2517 1282 2599 impe-

229 2617 319 2682 rium
348 2624 385 2682 et
414 2618 614 2682 electionem
645 2614 897 2680 cantuariensis
925 2615 1181 2698 metropolitani
1207 2616 1282 2681 fieri

233 2719 300 2801 [et]
340 2725 433 2783 stare
467 2717 688 2800 praecipitur.
760 2723 796 2780 et
823 2722 1009 2799 praecepto
1042 2715 1160 2798 itaque
1189 2717 1282 2798 regis

232 2818 441 2883 aethelbaldi
476 2818 604 2885 lectum
636 2822 691 2881 est
723 2835 839 2880 coram
873 2816 1031 2880 omnibus
1063 2816 1282 2899 priuilegium

233 2918 380 3000 praelati
411 2918 584 2984 uithraedi
616 2914 759 2998 gloriosi
793 2915 884 2998 regis
918 2922 955 2980 et
982 2915 1114 2998 placuit
1149 2917 1282 2981 cunctis

232 3017 298 3082 boc
333 3018 551 3083 audientibus
573 3018 783 3100 pariterque
819 3016 982 3080 dixerunt
1020 3016 1152 3080 nullum
1188 3017 1282 3081 aliud

233 3125 306 3182 tam
330 3118 443 3182 nobile
471 3125 612 3202 tamque
639 3117 826 3200 prudenter
854 3116 1080 3182 constitutum
1109 3117 1283 3182 decretum

233 3217 380 3280 inueniri
395 3218 549 3299 potuisse
571 3217 759 3283 secundum
780 3215 1048 3281 ecclesiasticam
1067 3216 1284 3302 disciplinam

235 3322 271 3381 et
294 3317 372 3383 ideo
401 3316 467 3382 boc
498 3320 543 3383 ab
573 3319 741 3382 omnibus„
758 3317 888 3380 firmari
913 3323 1117 3384 sanxerunt.
1176 3317 1284 3400 igitur

235 3437 301 3501 ego
330 3417 567 3483 aethelbaldus
589 3437 652 3482 rex
676 3419 879 3481 merciorum
912 3436 975 3498 pro
1006 3416 1119 3481 salute
1147 3418 1284 3482 animae

235 3537 332 3582 meae
360 3525 396 3582 et
420 3517 610 3582 stabilitate
633 3517 731 3599 regni
753 3517 820 3580 mei
834 3517 975 3599 ¹proque
999 3517 1202 3583 uenerantia
1220 3537 1284 3582 ue·

235 3618 397 3683 nerabilis
430 3618 678 3701 archiepiscopi
708 3616 879 3682 cuthberti
906 3616 1046 3699 propria
1078 3635 1184 3682 manu
1209 3637 1285 3681 mu-

235 3718 338 3782 nifica
366 3719 582 3783 subscribens
618 3715 783 3782 confirmo
809 3765 817 3781 .
840 3724 880 3780 ut
908 3737 971 3801 per
999 3715 1115 3780 omnia
1143 3715 1284 3781 libertas

235 3816 346 3883 bonor
367 3819 556 3884 auctoritas
574 3825 615 3883 ‚et
637 3818 805 3882 securitas
826 3815 946 3880 christi
968 3815 1133 3880 ecclesiae
1152 3834 1173 3879 a
1190 3817 1286 3880 nulla

235 3936 385 4000 persona
397 3917 586 3999 denegetur
600 3918 661 3982 sed
678 3917 725 3983 sit
737 3918 846 3983 libera
858 3918 902 3982 ab
921 3915 1080 3980 omnibus
1100 3917 1286 3981 saeculari-

235 4019 300 4083 bus
314 4016 466 4083 seruitiis
487 4025 523 4083 et
541 4037 660 4082 omnes
681 4027 794 4084 terrae
816 4017 860 4081 ad
878 4015 974 4079 illam
996 4015 1209 4098 pertinentes
1224 4037 1286 4080 ex·

235 4118 345 4201 ceptis
375 4117 595 4202 expeditione
628 4119 744 4202 pontis
773 4124 810 4181 et
843 4116 934 4179 arcis
967 4116 1222 4182 constructione
1251 4125 1287 4182 et

235 4219 325 4284 sicut
346 4238 452 4303 saepe
469 4218 644 4301 praelatus
664 4239 727 4282 rex
750 4216 973 4280 uuihtraedus
999 4236 1061 4300 pro
1085 4235 1122 4280 se
1147 4217 1287 4301 suisque
