3188 5032
490 418 662 467 ossum
688 418 1032 469 Aucuossxourcuss.
1213 408 1279 476 111

224 575 396 640 uocabula
410 595 524 640 rerum
546 577 729 659 diuulgant
744 579 920 656 terminoS,
936 598 1098 662 agrorum
1117 579 1278 645 uidelicet

225 676 478 758 praedictorum
492 678 641 742 confinia
653 678 745 764 inter
758 679 974 764 possidentes
989 680 1148 763 propriae
1163 681 1279 758 sortis,

226 793 365 840 emenso
379 776 511 843 scilicet
524 778 639 860 spatio
653 797 821 862 aquarum
835 779 870 842 id
885 786 949 856 est,
966 785 1033 844 etc.

278 875 386 948 Haec⁴
409 891 497 954 uero·
532 878 779 956 uocabulorum
817 878 919 961 signu
946 880 1031 945 tomi
1059 879 1139 958 stilo
1169 878 1281 943 indita

228 982 321 1054 sunt,
345 997 389 1041 ne
411 976 500 1042 forte
522 978 634 1042 litium
656 977 713 1042 uel
739 981 916 1043 contentio
941 999 1004 1044 seu
1033 979 1183 1062 iurgium
1210 980 1280 1043 iam

227 1077 393 1160 crepserit
421 1077 513 1142 inter
540 1079 741 1143 tributarios
772 1084 921 1157 uestros,
949 1087 1155 1162 nostrosque
1186 1079 1280 1145 colo-

227 1194 312 1256 nos3
353 1177 446 1260 quod
477 1184 593 1243 autem
627 1180 747 1243 crebro
773 1179 863 1244 solet
885 1180 958 1244 lieri
984 1181 1043 1249 ubi
1066 1179 1282 1244 euidentiora

228 1276 455 1342 allusionibus
482 1278 608 1343 literali
637 1278 951 1362 elementorumque
976 1279 1190 1358 diffinitione,
1227 1280 1281 1344 iu·

227 1375 317 1441 dicia
353 1378 501 1443 limitum
530 1385 659 1442 metum
690 1399 761 1444 non
793 1380 1040 1462 protenderint.
1094 1379 1174 1446 Hoc
1203 1381 1277 1462 pie·

228 1477 374 1541 tantium
389 1498 467 1542 cum
481 1498 646 1544 concesso
668 1478 846 1558 donatiuo,
862 1499 954 1545 anno
976 1482 1020 1544 ab
1042 1481 1280 1544 incarnatione

229 1574 360 1644 Christi
395 1596 587 1644 nocxmur.
617 1598 696 1642 cum
728 1598 899 1645 consensu
934 1579 1156 1647 Aethelbaldi
1186 1580 1279 1662 regis

229 1683 333 1758 atque
359 1677 515 1762 imperio,
539 1680 875 1762 reuerentissimique
900 1681 1073 1763 pontificis
1101 1680 1281 1751 couscien-¹

229 1775 279 1840 tia
294 1779 520 1857 Hereuualdi,
539 1778 727 1844 indictione
740 1797 810 1844 xu.
831 1790 1035 1846 caraxatum
1055 1786 1119 1844 est.
1183 1778 1280 1858 Qua-

229 1887 381 1962 propter,
409 1880 440 1944 si
469 1881 546 1963 quis
571 1879 694 1962 quouis
725 1878 886 1963 deinceps
915 1888 1081 1968 tempore,
1108 1879 1279 1946 tirannica

229 1977 337 2043 fretus
357 1980 555 2058 insolentia,
571 1979 725 2062 qualibet
748 1981 940 2058 occasione,
952 1982 1202 2063 interrumpere
1227 1986 1281 2045 at-

230 2097 297 2160 que
327 2080 364 2143 in
389 2080 524 2144 irritum
550 2079 718 2144 deducere
745 2099 806 2144 seu
840 2081 942 2145 unius
971 2082 1100 2163 ingeris
1129 2079 1281 2164 spatium

229 2179 348 2260 placiti
369 2181 470 2245 istius
489 2187 735 2245 testamentum
754 2181 851 2246 nisus
870 2180 986 2260 suerit,
1000 2183 1047 2248 sit
1063 2202 1085 2247 a
1106 2180 1281 2252 consortio.

230 2279 416 2346 aecclesiae
426 2279 556 2345 Christi
566 2281 1282 2365 anathema,extremiqueuentilabroexa·

229 2380 330 2443 minis
358 2381 571 2465 dispertitus,
599 2381 844 2463 rapaciumque
881 2383 1026 2464 collegio
1065 2381 1281 2447 combinatus

232 2479 416 2546 uiolentiae
431 2501 514 2546 suae
529 2481 844 2565 praesumptionem
862 2481 988 2547 lustin
1006 2500 1142 2546 aeuum.
1179 2493 1181 2502 ’
1211 2479 1282 2558 Qui

230 2600 313 2644 uero
343 2582 512 2646 beneuola
535 2581 651 2665 potius
672 2581 848 2663 praeditus
870 2583 1061 2648 intentione
1087 2580 1173 2646 haec
1199 2599 1280 2663 prov

230 2682 325 2759 bare,
334 2683 495 2746 roborare
515 2702 556 2746 ac
575 2679 758 2764 defendere
772 2682 954 2761 studuerit,
966 2683 1041 2748 uoti
1054 2700 1194 2765 compos
1208 2679 1283 2763 ipse

231 2781 369 2845 altitoni
385 2782 530 2863 gloriam
558 2781 707 2847 ascultet
735 2781 907 2847 indefecta
928 2783 1179 2866 perhennitate,
1202 2801 1280 2852 cum

231 2880 355 2945 faustis
389 2882 584 2964 agminibus
619 2881 822 2963 angelorum
853 2890 958 2965 atque
991 2883 1145 2980 omnium
1180 2900 1281 2946 sanc·

231 2987 356 3052 torum.

288 3082 328 3164 ›1‹
349 3082 426 3164 Ego
444 3080 695 3148 Aethelbaldus
715 3082 780 3148 hoc
804 3080 1007 3147 donatiuum
1027 3082 1187 3170 propriae
1207 3099 1282 3160 ma-

232 3201 298 3246 nus
312 3181 563 3265 subscriptione
577 3190 692 3248 ratum
707 3183 780 3248 sore
795 3182 909 3248 sanxi

234 3283 327 3362 ›1‹
343 3281 419 3365 Ego
435 3280 588 3348 Cuthred
602 3302 758 3349 annuens
773 3280 961 3365 subscripsi
975 3281 1189 3365 firmauique,
1199 3284 1283 3348 sub-

233 3382 356 3466 scripsi
384 3389 420 3447 et
450 3384 652 3449 confirmaui
681 3385 809 3450 deuota
835 3389 960 3448 mente.
1004 3384 1068 3464 ›1‹
1096 3382 1174 3465 Ego
1203 3383 1283 3450 Oua

233 3482 442 3565 suffragator
455 3485 614 3549 consensi
628 3493 664 3550 et
678 3484 877 3566 subscripsi,
891 3482 1076 3548 deuotione
1094 3483 1284 3570 subscripsi

233 3590 269 3647 et
283 3583 456 3649 roboraui.
511 3586 552 3667 ›1‹
573 3585 650 3668 Ego
662 3582 852 3649 Athelhere
873 3581 1061 3664 subscripsi
1075 3588 1112 3648 et
1125 3582 1283 3651 solidani.

233 3683 278 3765 ›1‹
298 3683 375 3766 Ego
389 3682 592 3749 Hereuuald
613 3685 793 3768 episcopus
816 3683 964 3766 supplex
986 3680 1023 3746 in
1039 3680 1179 3748 Christo
1200 3701 1283 3746 con·
1330 3735 1333 3738 .

233 3783 327 3850 sensi
348 3790 385 3848 et
403 3784 616 3850 confirmaui.
672 3786 712 3866 ›1‹
733 3783 809 3867 Ego
827 3782 909 3848 Dud
923 3783 1030 3847 abbas
1045 3780 1234 3866 subscripsi
1249 3789 1285 3848 et

233 3883 445 3949 confirmaui.
521 3886 561 3968 ›1‹
589 3885 666 3968 Ego
696 3883 901 3949 Heabeorht
935 3883 1124 3950 auxiliator
1163 3881 1284 3951 uotiua

233 3985 429 4051 consultum
441 3993 477 4050 et
490 3985 680 4050 subsidium
694 3992 875 4068 praestans
890 3983 1062 4050 consensi.
