3188 5032
510 440 682 488 curasan
705 439 1046 489 anonosnxonrcaa.
1253 427 1297 493 87

244 598 354 663 nostri
366 596 471 662 Ibesu
487 597 627 676 Christi,
639 605 675 663 et
688 605 875 684 perpetuae
889 598 1033 680 uirginis
1046 597 1192 677 Mariae,
1206 600 1295 665 sicut

244 697 281 760 in
297 718 406 780 regno
421 698 623 763 Britanniae
638 705 692 762 est
710 699 833 780 prima,
855 706 890 763 et
912 698 990 762 fons
1012 705 1048 762 et
1069 700 1166 781 origo
1187 701 1295 766 totius

244 798 431 880 religionis
456 800 562 863 itaet
582 799 659 883 ipsa
681 800 990 881 supereminentem
1011 799 1184 882 priuilegii
1205 802 1295 864 obti-

243 905 325 961 neat
338 898 555 981 dignitatem,
569 919 633 963 neo
655 899 717 964 ulli
739 899 879 964 omuino
899 899 1029 963 homini
1051 901 1215 964 ancillare
1231 902 1292 964 ob·

245 999 403 1082 sequium
423 999 529 1063 faeiat
547 1000 583 1063 in
603 1000 716 1077 terris,
732 1019 821 1081 quae
836 1019 941 1082 super
956 1000 1079 1064 choros
1093 1000 1295 1083 angelorum

244 1098 441 1163 dominatur
454 1099 492 1163 iu
506 1099 621 1163 coelis
674 1099 789 1181 Igitur
802 1119 936 1164 summo
951 1100 1113 1183 pontifice
1124 1099 1295 1183 Gregorio

246 1206 430 1278 annuente,
445 1207 481 1264 et
494 1207 535 1264 nt
547 1207 692 1264 matrem
712 1199 841 1264 domini
855 1201 909 1264 sui
921 1201 958 1264 in
972 1201 1086 1264 sinum
1108 1208 1143 1265 et
1160 1208 1296 1283 protec-

245 1299 373 1362 tionem
389 1307 531 1364 sanctae
547 1300 728 1364 Romanae
743 1300 941 1378 aecclesiae,
952 1320 1007 1364 me
1021 1301 1101 1364 licet
1115 1301 1295 1382 indignum

245 1417 323 1463 cum
347 1400 425 1481 ipsa
448 1400 667 1482 suscipiente,
692 1401 985 1465 consentientibus
1007 1401 1111 1464 etiam
1138 1401 1296 1465 omnibus

244 1499 448 1563 Britanniae
470 1500 621 1582 regibus,
645 1500 923 1584 archiepiscopis,
947 1500 1130 1583 episcopis,
1151 1501 1295 1565 ducibus

244 1607 350 1681 atque
372 1601 566 1678 abbatibus,
581 1607 699 1665 statuo
715 1621 780 1682 ego
795 1608 900 1683 atque
918 1601 1105 1681 coufirm03
1131 1602 1295 1683 quatinus

245 1719 363 1764 omues
385 1707 497 1764 terrae
523 1707 559 1764 et
581 1700 669 1777 loca,
693 1708 728 1764 et
752 1701 987 1783 possessiones
1014 1703 1135 1766 beatae
1160 1701 1295 1767 Mariae

245 1797 401 1864 Glasteie
418 1801 489 1865 sint
511 1801 641 1883 quieta,
656 1807 692 1864 et
706 1801 750 1865 ab
764 1802 923 1866 omnibus
937 1801 1041 1883 regiis
1056 1801 1295 1866 exactionibus

120 1907 122 1912 '
244 1906 280 1963 et
301 1900 462 1983 operibus
487 1920 554 1983 que
583 1900 687 1964 indici
719 1901 844 1980 solent,
874 1901 1035 1965 uidelicet
1064 1901 1294 1983 expeditione,

243 2001 359 2083 pontis
382 2001 515 2064 arcisue
535 2000 803 2079 constructione,
823 2008 859 2065 et
882 2003 927 2065 ab
952 2000 1045 2065 omni
1066 2001 1295 2083 archiepisco·

245 2119 366 2182 porum
389 2107 424 2164 et
439 2101 677 2183 episcoporum
691 2101 1023 2184 promulgationibus
1038 2107 1074 2164 et
1087 2101 1296 2184 perturbati·

245 2200 380 2278 onibus,
389 2200 479 2264 sicut
489 2201 525 2263 in
539 2201 692 2283 antiquis
703 2202 855 2266 eiusdem
867 2201 1054 2266 aecclesiae
1065 2201 1170 2264 cartis
1181 2209 1295 2266 ratum

244 2319 320 2364 esse
340 2300 527 2379 inuenitur,
546 2307 581 2364 et
598 2319 620 2362 a
640 2301 960 2383 praedecessoribus
975 2300 1073 2379 meis
1094 2299 1295 2365 Keneuual-

243 2400 333 2478 chio,
350 2398 565 2479 Kentuuino‚
581 2399 794 2465 Caeduualla
814 2407 849 2464 et
863 2400 1036 2465 Baldredo
1056 2401 1295 2466 confirmatum

244 2520 319 2566 esse
335 2499 536 2578 dinoscitur,
551 2500 756 2564 inconcussa
772 2507 807 2564 et
821 2499 956 2564 illibata
969 2508 1205 2581 permaneant.
1249 2501 1296 2565 Et

243 2619 479 2683 quaecumque
499 2601 729 2664 immerserint
745 2619 882 2677 causae,
903 2600 941 2664 in
963 2600 1166 2676 homicidiis
1189 2601 1295 2664 saeri-

242 2700 353 2783 legiis‚
367 2701 555 2779 ueneficiis,
572 2700 686 2778 furtis,
709 2701 852 2785 rapinis,
865 2699 903 2763 in
917 2699 1142 2782 dispositione
1163 2701 1294 2766 aeccle·

241 2801 383 2879 siarum,
408 2808 443 2865 et
465 2800 696 2884 descriptione
720 2808 755 2865 et
776 2801 993 2865 ordinatione
1018 2800 1230 2879 elericorum,
1258 2802 1295 2865 in

243 2901 493 2966 conuenticulis
515 2901 738 2979 sinodalibus,
759 2903 843 2966 etin
859 2901 1016 2965 omuibus
1031 2900 1218 2966 iudiciariis
1232 2920 1295 2966 ex·

243 3001 521 3081 minationibus,
541 3001 671 3085 absque
694 3001 798 3066 ullius
820 3001 968 3066 bominis
989 3001 1211 3084 praeiudicio,
1235 3003 1295 3066 ab·

243 3102 334 3168 batis
349 3109 385 3166 et
399 3109 590 3166 conuentus
604 3102 828 3185 dispositione
842 3100 1072 3183 diffiniantur;
1096 3103 1156 3166 sed
1171 3109 1206 3166 et
1222 3122 1294 3166 om·

243 3303 319 3380 bus,
342 3310 378 3367 et
398 3302 622 3386 principibus
644 3322 748 3385 super
769 3303 934 3368 bonorem
957 3322 1058 3367 suum
1085 3311 1120 3367 et
1143 3323 1294 3367 amorem

243 3420 358 3466 meum
379 3403 565 3485 praecipio,
589 3410 625 3466 et
648 3404 817 3480 omnibus,
840 3410 911 3467 tam
940 3405 1025 3467 meis
1049 3422 1153 3484 quam
1175 3423 1294 3467 eorum

243 3502 409 3566 ministris
423 3522 527 3585 super
541 3504 689 3567 salutem
702 3504 855 3585 eorporis
871 3493 926 3567 sui
939 3503 1125 3585 praecipio,
1144 3522 1188 3566 ne
1203 3503 1295 3567 ullus

244 3621 361 3668 eorum
382 3602 419 3665 in
440 3602 589 3666 insulam
611 3603 740 3666 domini
762 3603 871 3667 nostri
886 3602 992 3667 Ibesu
1006 3601 1148 3682 christi,
1167 3608 1203 3666 et
1217 3624 1293 3686 per-

243 3709 368 3785 petuae
378 3702 523 3784 uirginis
533 3702 668 3766 Mariae
679 3701 848 3781 Glasteie,
863 3723 926 3768 uec
940 3703 1092 3767 eiusdem
1105 3702 1294 3769 aecclesiae

243 3803 491 3885 possessiones,
514 3822 620 3866 causa
642 3803 841 3886 placitandi,
856 3803 1105 3886 perscrutandi,
1127 3804 1294 3885 rapiendi,

243 3902 465 3986 percipiendi,
487 3903 725 3981 interdicendi,
744 3905 802 3968 uel
816 3903 946 3985 aliquid
960 3902 1108 3966 faciendi
1123 3902 1215 3985 quod
1229 3905 1294 3967 ibi-

243 4002 319 4066 dem
334 4003 399 4067 deo
413 4003 661 4069 famulantibus
677 4005 788 4088 possit
801 4023 876 4068 esse
891 4003 928 4066 in
943 4002 1156 4080 scandalum,
1168 4003 1295 4070 audeat

242 4103 384 4168 intrare.
437 4104 529 4169 Illud
554 4113 670 4170 autem
697 4102 941 4187 omnipotentis
965 4102 1021 4165 dei
1048 4109 1084 4166 et
1107 4111 1294 4186 perpetuae

243 4203 388 4288 uirginis
404 4205 551 4285 Mariae,
563 4213 599 4270 et
611 4207 790 4272 beatorum
807 4203 905 4268 Petri
924 4211 959 4269 et
974 4202 1077 4267 Pauli
1092 4211 1129 4268 et
1142 4205 1292 4270 omnium
