3188 5032
493 448 665 498 enarras
689 451 1031 502 nucnosnxorucnr.
1224 443 1286 510 101

236 606 435 692 subscripsi.
492 609 530 690 ›1‹
552 608 629 691 Ego
650 607 824 691 Stronglic
849 610 1008 674 consensi
1031 617 1067 676 et
1087 614 1286 698 subscripsi.

240 710 280 790 ›1‹
300 708 377 791 Ego
393 709 540 773 Bconna
554 710 713 774 consensi
727 716 762 773 et
775 710 974 793 subscripsi.
1031 712 1071 793 ›1‹
1093 711 1170 796 Ego
1186 715 1288 780 Uuil-

235 808 317 872 frith
333 809 515 892 episcopus
530 810 690 873 consensi
711 816 745 873 et
767 811 966 893 subscripsi.
1022 812 1062 892 *1⁴
1083 811 1159 894 Ego
1175 812 1286 880 Cuth-

235 909 294 972 rad
310 909 417 974 abbas
434 909 650 973 consentiens
666 909 864 991 subscripsi.
922 912 962 992 ᾧ
977 909 1053 992 Ego
1069 911 1165 977 Eobe
1180 916 1288 979 abbas
1329 956 1332 960 -

235 1009 453 1073 consentiens
490 1009 687 1092 subscripsi.
744 1009 881 1092 ›14Ego
917 1007 1144 1076 Aethiluuald
1180 1016 1289 1080 abbas

235 1105 453 1174 consentiens
475 1109 673 1192 subscripsi.
729 1108 770 1190 ᾧ
792 1108 870 1193 Ego
893 1108 1042 1180 Aelbred
1069 1114 1287 1179 consentiens

236 1209 435 1293 subscripsi.

647 1504 877 1571 LXXXIV.

525 1657 546 1701 *
569 1652 911 1734 AETHILBALD,
926 1655 1002 1722 738.

237 1852 242 1862 .
284 1808 324 1888 ᾧ
335 1805 412 1869 Eoo
423 1802 666 1871 Aethilbaldus
680 1824 744 1868 rex
756 1804 965 1894 Marciorum
980 1805 1044 1870 deo
1059 1806 1286 1890 omnipotenti

231 1907 424 1988 gratiarum
447 1906 601 1972 actiones
622 1906 659 1968 in
681 1912 848 1987 quantum
870 1924 1012 1988 possum
1034 1908 1205 1989 persoluo‚
1227 1911 1287 1993 qui

233 2025 288 2070 me
317 2006 361 2071 ad
385 2014 523 2072 tantum
549 2004 771 2070 sublimitatis
793 2004 938 2086 gradum
963 2006 1091 2088 eligere
1118 2007 1284 2090 dignatus

233 2113 300 2184 est,
323 2107 366 2171 de
388 2113 459 2171 tam
479 2105 653 2171 humiliet
673 2105 830 2188 inquieta
847 2105 922 2170 uita
941 2125 1046 2188 quam
1064 2126 1126 2191 per
1147 2115 1201 2174 tot
1223 2127 1286 2174 an-

234 2226 356 2270 norum
382 2207 499 2290 spatia
524 2205 689 2287 transegi.
732 2204 867 2269 Idcirco
888 2224 952 2288 pro
973 2207 1125 2272 remedio
1147 2210 1285 2274 animae

233 2325 342 2384 meae,
357 2307 440 2371 mihi
461 2307 498 2371 in
520 2313 727 2389 potestatem
748 2305 900 2382 redacta,
916 2312 952 2370 et
966 2325 1030 2387 pro
1050 2308 1285 2374 munificentia

232 2414 431 2471 sanctarum
445 2408 640 2473 orationum
661 2424 838 2469 seruorum
858 2411 893 2468 ct
915 2405 1118 2470 ancillarum
1133 2408 1200 2486 dei,
1215 2410 1284 2473 lar-

232 2506 337 2588 gifica
361 2527 504 2572 munera
530 2506 654 2570 summi
676 2505 860 2568 saluatoris
882 2503 1012 2569 domini
1040 2509 1150 2571 nostri
1177 2508 1284 2573 Ihesu

235 2606 365 2671 Christi
379 2608 526 2672 libenter
535 2605 710 2670 aecclesiis
725 2604 780 2668 dei
790 2605 952 2686 inpendo,
964 2613 999 2669 et
1010 2606 1073 2670 tibi
1083 2607 1284 2674 Mildrithae

233 2707 429 2772 abbatissae
440 2706 662 2789 singulariter
675 2712 711 2768 et
721 2705 907 2770 aecclesiae
923 2713 1014 2783 tuae,
1026 2707 1125 2769 nauis
1136 2716 1282 2774 onustae

231 2808 497 2872 transuectionls
511 2825 651 2870 censum
667 2805 726 2887 qui
746 2824 768 2869 a
787 2805 1007 2870 theloneariis
1032 2807 1159 2871 nostris
1174 2808 1283 2872 tribu·

232 2905 323 2970 taria
331 2908 513 2971 exactione
523 2906 711 2990 impetitur,
722 2905 917 2988 perdonans
929 2905 1096 2985 attribu03
1108 2913 1148 2970 ut
1156 2907 1283 2991 ubique

231 3006 268 3072 in
290 3026 398 3088 regno
420 3013 540 3074 nostro
561 3006 669 3070 libera
688 3005 731 3069 de
752 3005 846 3069 omni
863 3005 972 3088 regali
992 3005 1078 3070 fiscu
1095 3014 1131 3071 et
1152 3009 1282 3074 tributo

231 3113 384 3172 maneat.
421 3107 458 3172 Si
472 3107 549 3190 quis
564 3106 654 3170 hanc
670 3105 892 3171 donationem
907 3125 929 3170 a
943 3106 1042 3178 nobis
1055 3107 1282 3190 perdonatam

232 3204 420 3289 infringere
441 3208 498 3271 uel
517 3209 555 3272 in
576 3206 729 3271 maximo
751 3207 808 3270 uel
836 3206 872 3269 in
894 3205 1027 3270 modico
1050 3210 1283 3289 temptauerit,

232 3299 320 3370 sciat
342 3325 380 3371 sa
402 3306 551 3372 alienum
574 3327 597 3372 a
618 3314 738 3371 nostra
759 3307 1008 3383 commuuione,
1032 3312 1068 3369 et
1086 3308 1237 3372 maxime
1261 3326 1283 3372 a

231 3413 334 3471 coetu
350 3415 558 3485 sanctorum,
573 3427 723 3472 manere.

288 3508 328 3588 ›1‹
349 3505 494 3588 Signum
517 3526 640 3572 manus
659 3503 883 3571 Aethilbaldi.
939 3508 979 3588 ›1‹
1000 3505 1143 3587 Signum
1160 3523 1284 3569 manus

231 3603 434 3670 Cuthraedi.
491 3609 530 3690 ›1‹
545 3607 689 3689 Signum
702 3623 826 3667 manus
842 3603 1025 3668 Selcraedi.
1083 3607 1123 3687 ›1‹
1137 3604 1283 3686 Signum

232 3724 354 3769 manus
372 3705 538 3771 Uuorres.
582 3708 622 3788 ›1‹
637 3706 782 3786 Signum
797 3701 937 3768 Cottan.
993 3703 1033 3786 ›1‹
1047 3702 1194 3786 Signum
1210 3724 1283 3769 ma-

232 3825 297 3868 nns
318 3804 496 3889 Cynrices.
552 3808 592 3888 ›1‹
611 3805 756 3886 Signum
769 3822 892 3867 manus
913 3803 1089 3868 Uuilsridi.
1145 3806 1185 3887 ›1‹
1206 3803 1284 3888 Sig-

232 3925 314 3970 num
328 3925 452 3970 manus
467 3905 604 3969 Lullan.
662 3906 700 3987 ›1‹
721 3903 865 3985 Signum
880 3922 1003 3967 manus
1019 3902 1133 3968 Oban.

229 4021 231 4028 ’
281 4003 410 4070 Actum
433 4014 487 4070 est
507 4005 562 4068 die
592 3999 674 4067 1111‘o
701 4002 938 4067 Kalendarum
950 4003 1170 4079 Nouembris,
1193 4021 1285 4068 anno

233 4108 333 4170 xx11⁰
346 4105 446 4189 regni
462 4104 583 4182 nostri,
598 4105 636 4168 in
653 4099 729 4167 loco
743 4103 804 4185 qui
816 4102 942 4166 dicitur
955 4101 1214 4168 Uuillanhalch.
