3134 5030
447 457 626 505 enrnrnn
643 457 981 505 Anerosnxonrcan.
1175 439 1241 506 267

646 704 783 770 ccxl.

535 833 817 962 cdnnuunr,
839 874 916 940 817.
937 949 939 954 ,

184 1061 188 1068 -
246 1024 285 1105 '1⁴
309 1021 515 1090 Rundanas
540 1023 577 1087 in
599 1031 805 1107 perpetuum
828 1023 966 1088 domino
992 1030 1111 1088 nostro
1137 1023 1243 1088 Ihesn

191 1121 351 1188 Christo!
414 1123 491 1205 Ego
518 1122 703 1188 Cocnwuls
723 1125 797 1188 eius
827 1124 993 1188 arridenti
1019 1125 1133 1206 gratia
1163 1126 1243 1206 [rex

191 1223 417 1304 Marciorum]
434 1225 523 1288 dabo
546 1224 733 1288 uenerabili
747 1225 909 1308 episcope
924 1224 1158 1300 Deneberhtc,
1177 1225 1242 1288 sub

190 1329 364 1405 potestate
378 1323 636 1406 Uuegernensis
660 1325 861 1402 aecclesiae,
875 1331 1003 1388 terram
1018 1325 1122 1389 trium
1144 1341 1242 1388 man-

191 1423 340 1501 sionum,
356 1423 393 1488 in
411 1424 489 1488 loco
506 1425 567 1506 qui
591 1425 787 1507 appellatur
804 1431 862 1488 aet
879 1423 1080 1502 Stuhsorda,
1100 1425 1135 1488 in
1153 1424 1243 1507 occi·

191 1522 322 1587 dentuli
344 1524 450 1606 plaga
473 1524 624 1589 fluminis
645 1525 738 1606 quod
761 1531 908 1588 uocatur
932 1523 1026 1601 Stur,
1041 1531 1243 1608 perpetuam

191 1623 323 1690 scilicet
335 1624 372 1690 in
386 1624 612 1689 hereditatem
626 1625 813 1689 aecclesiae
833 1625 870 1688 in
886 1623 1068 1706 Uuigorna
1089 1624 1240 1689 ciuitate.

187 1722 319 1787 libera
333 1743 469 1807 quoque
485 1725 531 1789 sit
543 1732 638 1790 terra
649 1725 719 1790 ista
731 1727 775 1790 ab
791 1723 949 1789 omnibus
969 1725 1072 1788 rebus
1094 1725 1187 1789 notis
1209 1733 1245 1789 et

191 1823 332 1904 ignotis,
347 1825 464 1907 paruis
478 1833 515 1889 et
530 1825 665 1907 magnis
679 1826 771 1908 regis
790 1826 865 1908 siue
886 1825 1062 1908 principis.
1113 1825 1244 1890 Uerum

191 1924 297 1987 etiam
325 1926 384 2006 qui
413 1945 531 1989 corum
560 1925 711 1992 dormnio
738 1925 808 1990 sint
834 1925 1021 2008 subiugati.
1072 1922 1165 1992 Aeta
1192 1933 1246 1989 est

192 2031 309 2088 autem
342 2025 428 2089 haee
461 2024 603 2090 donatio
637 2044 729 2090 anno
766 2026 955 2091 dominicae
994 2025 1244 2090 incarnationis

194 2126 403 2188 nccc⁰xvn⁰.
432 2125 620 2190 indictione
645 2145 729 2190 uero
755 2128 807 2190 x'.
859 2124 970 2190 Peme
995 2133 1112 2190 autem
1133 2126 1244 2209 primo

192 2231 228 2288 et
242 2223 405 2289 uicesimo
426 2243 519 2290 anno
541 2225 641 2307 regni
662 2226 784 2290 nostri.
837 2225 907 2288 His
930 2226 1076 2292 testibus
1098 2244 1244 2290 censen·

192 2324 357 2389 tientibus
379 2345 420 2390 ac
442 2326 685 2403 scribentibus,
707 2345 852 2409 quorum
872 2326 991 2390 subter
1013 2334 1182 2391 caraxata
1201 2325 1244 2389 li-

192 2432 362 2507 quescunt
377 2425 558 2490 uocabula.

247 2526 286 2607 ›1‹
304 2525 380 2608 Ego
401 2525 586 2591 Coenwulf
603 2545 667 2590 rex
683 2525 905 2603 Marciorum,
919 2522 1009 2591 hanc
1022 2526 1244 2590 donationem

191 2626 291 2708 signo
307 2633 449 2692 sanctae
462 2627 573 2690 erucis
589 2624 718 2690 Christi
733 2627 944 2691 confirmaui.
1003 2627 1042 2708 ›1‹
1057 2627 1134 2709 Ego
1146 2624 1244 2690 Aelf-

190 2724 274 2810 dryd
304 2727 435 2809 regina.
506 2727 546 2807 ›1‹
561 2727 637 2809 Ego
667 2725 826 2791 Wnlsred
854 2727 1142 2810 archiepiscopus.
1199 2727 1240 2808 ⁸1⁴

193 2827 270 2908 Ege
283 2825 485 2891 Herauuine
498 2826 691 2909 episcopus.
748 2829 788 2909 ›1‹
802 2828 879 2908 Ego
891 2825 1037 2891 Reiihun
1051 2827 1244 2910 episcopus·

199 2927 238 3008 ›1‹
262 2927 339 3009 Ego
365 2926 563 2992 Deneberht
594 2927 785 3009 episeopus.
857 2927 896 3008 ›1‹
917 2927 994 3019 Ego
1018 2927 1151 2991 Eaduif
1172 2927 1245 3010 epif

192 3045 330 3110 scopus.
387 3028 426 3109 ›1‹
441 3027 518 3110 Ego
548 3026 725 3091 Eadberht
751 3026 833 3091 dux.
891 3028 932 3109 ⁸1⁴
950 3027 1028 3110 Ege
1055 3027 1245 3093 Uuilheard

193 3129 312 3192 abbas.
371 3128 410 3209 ›1‹
425 3127 503 3210 Ege
517 3126 686 3192 'l'idberht
699 3128 818 3194 abbas.
875 3127 916 3208 ⁸1⁴
931 3127 1008 3210 Ege
1022 3127 1135 3193 Penta
1149 3146 1245 3211 pres-

192 3230 300 3313 byter.
358 3227 397 3308 ›1‹
412 3227 490 3309 Ege
513 3226 659 3292 Eadsere
683 3227 764 3292 dux.
823 3228 956 3310 ›1⁴Eg0
978 3228 1138 3294 wulfred
1161 3228 1244 3293 dux.

200 3329 239 3410 ›1‹
253 3328 330 3412 Ego
346 3325 503 3392 Beornoii
517 3327 601 3392 dux.

651 3495 772 3507 a*

634 3629 792 3694 CCXII.

528 3741 811 3847 consuens,
835 3768 908 3834 817.

250 3904 289 3985 ›1‹
320 3902 577 3968 Gcnnnmnrn
625 3902 814 3967 altithrono
862 3900 1009 3978 tonanti,
1054 3909 1247 3985 cunctaque

197 4005 316 4068 mundi
340 4002 540 4067 monarchia
561 4001 765 4080 moderanti,
794 4002 854 4086 qui
879 4008 934 4065 est
959 4001 1079 4083 etqui
1104 4009 1191 4078 erat,
1213 4010 1249 4067 et

195 4106 255 4187 qui
270 4110 438 4172 uenturus
460 4111 525 4182 est,
548 4104 645 4168 emus
669 4103 833 4171 melliflua
858 4101 971 4184 gratia
993 4101 1159 4167 arridenti
1182 4123 1248 4185 ego

195 4204 380 4280 Goenwuls
401 4225 463 4271 rex
490 4204 701 4270 Marciorum
723 4203 891 4286 regimina
913 4203 1039 4286 sceptri
1062 4221 1139 4269 cum
1165 4223 1246 4268 con-
