3134 5030
301 387 385 452 252.
564 397 738 448 curaris
760 395 1107 446 nucnosnxoruenn.

303 556 439 622 ficando
466 555 559 620 refici
584 554 834 621 auxiliantibus
860 555 1013 620 eiusdem
1036 555 1202 620 ecclesiae
1224 556 1361 640 presbi-

302 658 387 722 teris
403 663 439 720 et
454 655 656 720 diaconibus
674 663 866 739 cunctoque
881 656 974 720 clero
996 656 1136 721 domino
1159 656 1223 720 deo
1249 657 1365 722 serui-.

303 758 432 823 entium
448 755 562 821 simui.
614 755 691 838 Ego
707 754 895 820 Uulfredus
917 756 1152 821 misericordia
1169 757 1224 820 dei
1245 756 1361 821 archi-

303 855 464 922 sacerdos
489 875 553 938 pro
574 855 698 920 intimo
721 855 833 920 cordis
859 855 984 921 affectu
1014 856 1104 921 daho
1138 863 1191 922 et.
1207 857 1361 921 concedo

302 956 434 1026 fumilia
460 954 590 1021 Christi
619 954 746 1020 habere
771 961 807 1020 et
830 955 1004 1039 perfruere
1032 956 1152 1021 domos
1178 975 1265 1040 quas
1291 957 1362 1020 siui

304 1056 443 1141 proprio
462 1056 581 1122 labore
597 1063 866 1120 construxerunt
880 1056 955 1120 iure
968 1063 1135 1140 perpetuo
1158 1056 1362 1122 hereditatis

305 1155 540 1221 munificentia
554 1155 623 1220 illis
636 1155 834 1221 uiuentibus
856 1174 919 1220 seu
941 1156 1185 1221 decedentibus
1207 1157 1361 1221 cuicum-

306 1276 374 1340 que
383 1256 575 1338 relinquere
585 1256 642 1320 uel
650 1256 960 1321 donareuolueri'nt
969 1257 1205 1339 unusquisque
1215 1257 1361 1320 liberam

307 1357 459 1422 habeant
483 1355 683 1420 facultatem
701 1357 738 1420 ln
757 1357 878 1421 eodem
895 1357 1106 1421 monasterio
1127 1356 1278 1421 donandi
1297 1358 1361 1422 sed

307 1476 370 1530 nec
402 1457 504 1520 alicui
531 1455 624 1520 foras
651 1463 752 1520 extra
777 1457 1051 1538 congregationi.
1080 1457 1163 1522 ,Ita
1193 1457 1299 1522 etiam
1321 1457 1360 1520 in

307 1556 439 1622 Christi
455 1555 600 1621 caritate
614 1559 798 1621 obsecrans
812 1557 966 1640 precipio
980 1556 1142 1621 omnibus·
1152 1558 1361 1622 successori-

303 1659 370 1721 bus
391 1656 477 1720 meis
495 1656 588 1720 'hanc
610 1655 822 1739 praedictum
847 1657 1071 1721 donationem
1096 1658 1305 1724 inconcussa
1325 1666 1364 1722 et

305 1756 509 1830 inuiolatam
524 1757 624 1820 salua
644 1756 779 1842 ratione
802 1757 1010 1822 seruandam
1037 1755 1098 1821 sed
1123 1757 1198 1821 sine
1223 1765 1362 1841 semper

306 1858 342 1921 in
365 1876 478 1921 euum.
512 1856 577 1920 hac
601 1863 717 1920 tamen
741 1856 936 1922 conditione
959 1864 999 1921 ut
1018 1856 1084 1921 deo
1105 1857 1305 1922 humiliores
1325 1865 1363 1921 et

307 1957 476 2039 gratiores
506 1957 659 2021 omnium
687 1957 930 2021 beneficiorum
957 1955 1012 2020 dei
1040 1965 1176 2040 semper
1203 1958 1361 2022 existant

307 2056 495 2139 seduloque
532 2056 809 2141 frequentatione
842 2056 1018 2122 canonicis
1048 2056 1142 2121 horis
1180 2058 1363 2124 ecclesiam

308 2154 439 2221 Christi
474 2157 618 2221 uisitent
645 2164 784 2223 orantes
814 2176 856 2221 ac
890 2155 1118 2240 deprecantes.
1141 2177 1205 2240 pro
1235 2158 1360 2241 seipsis

306 2256 454 2341 propriis
468 2256 613 2340 piaculis
628 2264 663 2321 et
676 2277 740 2340 pro
754 2258 900 2322 aliorum
919 2257 1119 2323 remissione
1138 2265 1361 2342 peccatorum

307 2345 574 2422 misericordiam
588 2355 717 2421 domini
730 2357 926 2442 implorent.
980 2356 1126 2422 Necnon
1143 2357 1281 2422 domum
1304 2379 1360 2422 re·

307 2456 465 2522 fectionis
480 2463 516 2521 et
533 2455 769 2521 dormitorium
790 2457 1017 2522 communiter
1030 2457 1249 2540 frequentent
1260 2461 1366 2524 iuxta

307 2554 462 2639 regulam
478 2557 732 2622 monasterialis
748 2558 950 2641 disciplinae
964 2559 1059 2623 uitae
1072 2560 1271 2624 obseruant.
1309 2559 1363 2624 Ut

310 2657 346 2721 in
361 2657 519 2721 omnihus
541 2657 785 2722 honorificetur
808 2657 893 2722 deus
915 2666 951 2726 et
971 2659 1047 2723 uita
1068 2666 1188 2724 nostra
1209 2666 1245 2724 et
1266 2661 1363 2724 bona

309 2758 526 2822 conuersatio
548 2758 647 2822 nohis
670 2759 865 2841 nostrisque
889 2758 1048 2842 proficiat
1071 2759 1108 2822 in
1131 2759 1270 2824 bouum.
1322 2759 1362 2824 Si

307 2857 386 2941 quis
399 2857 534 2922 illorum
550 2877 612 2940 per
627 2857 808 2922 audaciam
825 2877 909 2944 suae
926 2859 1038 2923 malae
1057 2853 1248 2924 uoluntatis
1267 2857 1362 2925 hane

313 2957 524 3041 praedictam
548 2959 829 3023 constitutionem
849 2959 988 3024 inritam
1018 2959 1144 3024 habere
1167 2961 1254 3024 etin
1275 2959 1365 3024 obli·

309 3058 447 3122 uionem
467 3057 634 3123 deducere
656 3065 692 3123 et
714 3078 924 3142 congregare
947 3059 1126 3124 couruuias
1151 3059 1195 3123 ad
1218 3079 1364 3124 uescen-

310 3157 391 3221 dum
416 3163 452 3221 et
472 3157 655 3223 bibendum
678 3177 740 3223 seu
764 3161 869 3226 ctiam
892 3159 1128 3224 dormiendum
1149 3160 1187 3223 in
1214 3160 1364 3243 propriis

311 3256 444 3322 cellulis
459 3257 547 3323 sciat
561 3277 599 3323 se
612 3259 767 3342 quisquis
781 3260 839 3324 ifle
854 3260 900 3324 sit
914 3267 1049 3325 reatum
1063 3279 1102 3324 se
1117 3279 1192 3324 esse
1203 3261 1365 3344 propriae

311 3356 406 3422 domi
423 3357 508 3421 etin
523 3365 697 3442 potestate
711 3360 959 3444 archiepiscopi
972 3360 1017 3424 ad
1031 3360 1226 3425 habendum
1240 3368 1275 3425 et
1290 3362 1364 3426 cui-

311 3477 460 3541 cumque
489 3457 522 3521 ei
548 3458 717 3542 placuerit
745 3460 942 3525 donandum
969 3458 993 3522 h
1021 3464 1217 3526 manentem
1237 3461 1361 3543 ¹itaque

312 3557 401 3624 hanc
416 3555 591 3622 kartulam
605 3559 641 3622 in
658 3577 723 3622 sua
737 3560 957 3625 nihilominus
971 3559 1146 3625 firmitate.

367 3660 407 3740 »χι
429 3657 506 3739 Ego
523 3657 669 3722 Uulfred
685 3660 799 3740 gratia
812 3661 868 3725 dei
889 3660 1077 3744 archiepis&
1099 3661 1200 3744 signo
1221 3669 1366 3726 sanctae

312 3757 423 3822 erucis
439 3755 568 3822 christi
583 3757 723 3823 firmans
734 3761 947 3844 subscripsi(

367 3857 407 3940 ›1‹
428 3856 505 3939 Ego
518 3859 688 3923 uuernoth
704 3857 744 3947 pr
759 3860 805 3925 ab
816 3861 878 3925 coii
893 3883 916 3952 7
929 3859 1129 3945 subscripsi.

368 3958 407 4040 ›1‹
428 3957 505 4039 Ego
519 3957 714 4024 wulfheard
728 3956 769 4047 pr
783 3961 846 4025 ccii
860 3982 883 4050 7
898 3960 980 4024 suli.

312 4069 315 4074 “
368 4059 407 4140 ›1‹
429 4055 506 4138 Ego
521 4057 690 4122 beamund
704 4055 745 4147 pr
758 4061 821 4124 coir
835 4082 858 4150 7
872 4059 948 4125 suh.
1025 4114 1029 4121 .

369 4157 408 4238 ›1‹
429 4157 506 4239 Ego
519 4158 639 4227 osuulf
650 4157 690 4246 pr
704 4161 766 4225 ccii
783 4181 805 4250 7
820 4160 895 4224 sub.
