3188 5032
483 434 655 486 colorus
678 433 1015 484 suonosnxourelr.
1212 420 1280 486 109

283 591 416 676 ›14Ego
439 591 647 658 Uuiliritbus
670 593 864 678 episcopus.
905 596 944 675 ›1‹
965 595 1042 677 Ego
1057 593 1172 660 Huita
1187 596 1278 680 epis-

228 712 347 777 copus.
404 696 444 775 ›1‹
464 693 542 776 Ego
558 693 761 759 Torbthelm
776 694 971 778 episcopus.

283 793 411 876 ›11Ego
423 792 622 859 Cuthberbt
637 794 830 877 episeopus.
879 794 919 876 ›1‹
931 792 1008 876 Ego
1017 791 1173 879 Alhuuig
1187 794 1280 880 epis-

229 913 347 977 copus.
404 894 443 976 ›1‹
464 893 540 976 Ego
555 894 703 977 Sigebed
718 894 911 978 episcopus.

279 992 365 1058 This
389 994 478 1076 synd
496 997 538 1080 be
559 994 642 1059 land
664 1014 815 1078 gemaeru
836 1001 883 1058 eet
905 993 1061 1058 Eustune
1082 996 1121 1080 be
1143 993 1281 1060 AEthel-

228 1093 309 1159 bald
341 1094 470 1177 cyning
500 1113 644 1177 myrena
676 1095 850 1176 gebooade
881 1092 985 1158 Utele
1017 1094 1177 1177 bisceope
1205 1095 1284 1162 into

229 1195 287 1260 sie
311 1194 455 1261 marian.
506 1193 625 1259 AErest
640 1193 680 1258 oi
700 1193 962 1276 Turcanwyllas
986 1193 1108 1258 heafdo
1129 1193 1283 1276 andlang

229 1301 348 1359 streete
375 1313 421 1358 on
452 1292 716 1377 Gynelmesstan
746 1315 792 1361 on
819 1293 1019 1377 Mylenweg
1048 1297 1158 1379 bonne
1195 1294 1285 1360 and-r

229 1394 312 1476 lang
326 1393 475 1483 hrycges
492 1415 538 1458 on
559 1393 749 1459 Heortsord
764 1398 874 1481 brnen
888 1393 1040 1476 andlang
1052 1401 1218 1459 streames
1235 1415 1281 1462 ou

231 1493 429 1560 Buruhford
452 1513 497 1558 on
519 1493 619 1558 soron
645 1497 688 1580 ba
713 1495 895 1577 spelstowe
921 1496 1032 1578 bonon
1056 1514 1101 1558 on
1125 1494 1285 1559 'lumen-

230 1594 316 1658 dene
335 1613 380 1658 on
400 1592 649 1678 Seoieuwyllas
670 1593 946 1659 middeweurden
958 1593 999 1657 os
1007 1596 1082 1679 bam
1096 1594 1226 1677 wyllan
1245 1602 1282 1660 to

231 1694 461 1776 Balesbeorge
485 1693 593 1758 subeo
614 1698 724 1780 bonne
748 1714 794 1760 on
818 1692 1063 1758 Geelcweullas
1091 1696 1204 1779 bonan
1231 1695 1283 1764 eit

230 1813 276 1858 on
298 1793 525 1858 'lbrreundene
556 1794 710 1877 andlang
729 1793 779 1859 eft
801 1814 847 1860 on
862 1792 1125 1878 Turcenwyllas
1145 1793 1283 1865 heafod.

231 1892 293 1958 Dis
313 1913 395 1958 waes
420 1894 533 1976 gedon
555 1898 598 1981 by
621 1914 725 1977 goare
746 1898 785 1981 be
807 1913 890 1959 waes
914 1913 1016 1976 agaen
1037 1893 1125 1960 from
1150 1893 1282 1960 Cristes

230 1992 423 2059 flaescnesse
448 2011 625 2060 nocxnru.
650 2014 696 2060 on
715 1998 791 2081 bom
814 1993 1002 2082 cynehame
1020 1997 1059 2082 be
1078 1995 1108 2060 is
1125 1995 1284 2080 gecyged-

230 2094 387 2160 Bearwe.

705 2290 813 2358 XCI.

498 2441 799 2520 UUILFRITH,
820 2439 1012 2508 721-743.

235 2639 241 2646 .
284 2590 323 2672 ›1‹
350 2589 395 2654 ΙΝ
419 2589 557 2655 nomine
582 2590 712 2656 domini
737 2591 865 2656 Ibesu!
918 2590 1063 2655 Terram
1087 2587 1281 2673 quindecim

230 2698 444 2756 cassatorum
459 2691 559 2756 iuxta
576 2691 717 2756 fluuium
733 2691 788 2755 cui
802 2710 926 2756 nomen
949 2697 1003 2756 est
1026 2689 1218 2771 Cunuglae,
1236 2689 1281 2758 ad

230 2790 445 2873 metropolim
461 2789 699 2870 Huicoiom,
719 2791 754 2855 id
776 2798 830 2856 est
844 2789 1187 2874 Uuegrinancuestir,
1203 2810 1286 2874 perf

229 2891 407 2968 tinentem,
430 2891 568 2955 tertiam
596 2899 741 2980 partem,
770 2890 836 2956 hoc
861 2899 916 2958 est
935 2892 1088 2975 quinque
1113 2898 1280 2970 cassatos,

232 2989 307 3073 Ego
324 2989 489 3055 Uuilsritb
509 2991 692 3075 episcopus
711 2991 857 3065 diocesis
872 2991 1110 3069 Huicciorum,
1122 2991 1198 3057 uiro
1211 3011 1282 3057 non

229 3089 373 3173 ignobili
395 3091 671 3157 reuerentissimo
693 3093 822 3171 comiti,
842 3093 899 3158 cui
922 3113 1046 3158 nomen
1067 3099 1122 3158 est
1147 3091 1280 3175 Leppu,

230 3198 371 3274 propter
398 3197 549 3256 ueterem
574 3191 665 3256 inter
689 3212 754 3257 nos
779 3194 977 3272 amicitiem,
997 3192 1222 3258 libentissime
1243 3192 1281 3262 iu

230 3291 480 3374 possessionem
510 3291 643 3357 donans
668 3293 830 3358 concedo.
893 3293 952 3359 Ite
977 3301 1104 3371 tumen,
1133 3300 1175 3356 ut
1200 3299 1281 3374 post

231 3391 414 3456 terminum
425 3390 557 3458 dierum
565 3391 639 3456 eius
648 3401 684 3458 et
694 3393 785 3458 filiae
794 3412 890 3471 suae,
902 3411 989 3476 quae
999 3392 1280 3474 uocaturBeage,

230 3493 350 3556 eadem
365 3492 470 3574 agelli
480 3511 562 3576 pers
576 3492 620 3556 ad
636 3493 866 3577 episcopalem
886 3491 1001 3556 sedem
1022 3490 1200 3573 praefatae
1216 3510 1280 3574 pu·¹

231 3591 369 3657 rochiae
383 3611 461 3656 cum
476 3592 548 3658 suis
563 3594 686 3657 sumtis
699 3593 824 3658 iterum
837 3591 1012 3657 reddatur.
1055 3589 1205 3673 Propter
1221 3591 1281 3654 tir-

230 3692 387 3757 mitatem
403 3692 503 3756 buius
519 3691 738 3771 conditionis,

231 3843 234 3846 .
285 3792 326 3873 ›1‹
338 3789 682 3874 Egerthclbaldus,
691 3813 754 3856 rex
760 3790 980 3868 Merciorum,
989 3791 1126 3872 signum
1138 3795 1280 3855 sanctae

231 3893 343 3958 erucis
357 3892 506 3975 inposui.
555 3893 596 3973 ›1‹
614 3892 690 3974 Ego
706 3890 915 3957 Uuilfrithus
925 3883 1106 3976 episcopus
1122 3891 1281 3962 consensi

231 4000 268 4059 et
282 3993 470 4076 subscripsi
484 3991 700 4058 subinsertis.
757 3992 796 4076 ›1‹
808 3991 883 4075 Ego
891 3989 1068 4057 Aethelrio
1081 3990 1280 4072 subscripsi.

236 4093 382 4175 ›1⁴Ego
423 4089 574 4158 Aelbred
610 4092 770 4158 consensi
805 4098 840 4156 et
875 4090 1073 4174 subscripsi.
1133 4090 1173 4172 ›1‹
1202 4090 1280 4174 Ego

233 4192 456 4258 Heardberbt
484 4193 644 4262 consensi
673 4200 709 4262 et
736 4191 934 4276 subscripsi.
991 4190 1128 4276 &Ego
1160 4190 1289 4278 Leppa.

233 4293 478 4358 consentiendo
492 4293 681 4359 subscribo.
