3172 5030
322 365 344 428 2
577 379 749 426 cnnnrnn
773 377 1118 426 ancnosnxonrcnn.

826 614 879 682 II.

470 781 491 824 *
514 779 881 846 AETHILBERHT
906 780 969 846 OF
994 779 1145 859 ΚΕΝΤ,
1167 781 1244 846 605.

379 925 418 1006 >1⁴
445 931 488 996 ΙΝ
503 932 640 996 nomine
655 931 783 996 domini
801 930 911 995 nostri
927 930 1008 994 Iesu
1031 927 1180 996 Christi!
1235 929 1383 995 Omnem

330 1031 514 1110 hominem,
537 1034 596 1116 qui
623 1031 810 1097 secundum
833 1031 934 1095 deum
959 1031 1048 1096 uiuit
1071 1038 1106 1095 et
1130 1033 1339 1096 remunerari
1361 1052 1384 1096 a

328 1134 393 1200 deo
419 1141 537 1217 sperat
556 1141 592 1197 et
614 1140 725 1216 optat,
745 1140 882 1216 oportet
905 1139 945 1196 ut
966 1133 1032 1214 piis
1056 1133 1214 1214 precibus
1236 1152 1382 1197 consen-

330 1255 406 1300 sum
421 1235 576 1298 hilariter
587 1254 633 1297 ex
652 1235 766 1298 animo
782 1234 964 1316 praebeat:
989 1235 1150 1316 quoniam
1164 1241 1295 1298 certum
1318 1241 1384 1312 est,

332 1343 430 1401 tanto
455 1335 591 1401 facilius
610 1354 752 1418 eaquae
773 1335 848 1416 ipse
871 1334 975 1397 adeo
1001 1335 1196 1416 poposcerit
1218 1336 1383 1418 consequi

332 1456 444 1520 posse,
463 1444 595 1519 quanto
609 1444 644 1500 et
658 1436 733 1518 ipse
753 1434 915 1500 libentius
931 1434 996 1498 deo
1011 1435 1141 1518 aliquid
1154 1438 1381 1502 concesserit:

333 1537 495 1620 quocirca
514 1556 578 1618 ego
594 1533 855 1601 Aethilberhtns
869 1555 931 1599 rex
945 1533 1106 1614 Canciae,
1122 1556 1201 1600 cum
1215 1556 1386 1601 consensu

333 1637 539 1702 uenerabilis
559 1636 808 1720 archiepiscopi
826 1635 1016 1718 Augustini
1037 1655 1079 1700 ac
1102 1638 1294 1721 principum
1313 1657 1385 1702 me-

335 1759 444 1816 orum,
463 1738 553 1802 daho
566 1746 602 1801 et
615 1738 765 1803 concedo
781 1738 818 1800 in
838 1737 968 1801 honore
987 1738 1099 1801 sancti
1115 1737 1211 1802 Petri
1234 1739 1387 1823 aliquam

334 1847 469 1923 partem
483 1848 595 1903 terrae
609 1839 693 1903 iuris
718 1839 797 1915 mci,
812 1857 901 1921 quae
920 1838 1010 1902 iacet
1029 1838 1065 1900 in
1084 1839 1216 1903 oriente
1234 1841 1387 1906 cirritatis

337 1941 593 2019 Doroherniae3
627 1941 678 2004 ita
707 1940 881 2003 duntaxat
902 1946 941 2002 nt
965 1941 1211 2004 monasterium
1233 1941 1282 2004 ihi
1304 1960 1386 2006 con·

336 2048 502 2118 struatur,
525 2049 559 2105 et
588 2060 643 2104 res
666 2060 770 2123 quarn
794 2059 900 2123 supra
929 2041 1118 2104 memoraui
1146 2041 1183 2104 in
1215 2049 1389 2123 potestate

337 2144 471 2207 abbatis
491 2142 537 2206 sit
552 2143 611 2225 qui
634 2142 681 2205 ibi
703 2141 807 2206 fuerit
828 2141 1018 2206 ordinatus.
1072 2141 1187 2224 Igitur
1210 2142 1331 2207 adiuro
1353 2149 1388 2208 et

336 2244 510 2328 praecipio
535 2244 571 2306 in
591 2243 729 2307 nomine
751 2243 882 2307 domini
899 2243 956 2305 dei
972 2243 1230 2324 omnipotentis,
1252 2245 1312 2326 qui
1336 2251 1390 2308 est

337 2346 488 2409 omnium
517 2363 630 2408 rerum
656 2344 761 2408 iudex
787 2344 911 2421 iustuS,
941 2349 981 2406 ut
1007 2343 1164 2425 praelata
1188 2351 1282 2408 terra
1307 2346 1389 2408 sub·

337 2447 467 2529 scripta
491 2445 681 2510 donacione
702 2445 990 2527 sempiternaliter
1015 2444 1061 2508 sit
1089 2445 1311 2526 confirmata3
1339 2447 1390 2513 ita

338 2555 379 2612 ut
402 2567 465 2611 nec
491 2545 587 2624 mihi,
610 2566 673 2610 nec
695 2546 795 2610 alicui
820 2563 1056 2610 successorum
1081 2565 1234 2610 meorum
1257 2567 1389 2630 regum,

339 2653 401 2711 aut
423 2648 627 2730 principum,
647 2647 721 2710 siue
744 2646 927 2711 cuiuslibet
940 2646 1145 2710 conditionis
1164 2647 1390 2729 dignitatibus

340 2755 375 2811 et
390 2747 631 2812 ecclesiasticis
650 2747 825 2827 gradibus,
840 2747 883 2811 de
898 2766 940 2811 ea
956 2747 1086 2835 aliquid
1100 2747 1260 2814 fraudare
1274 2749 1388 2814 liceat.

340 2848 455 2931 Siquis
477 2866 559 2910 uero
581 2847 623 2910 de
645 2845 710 2911 hac
731 2847 921 2912 donacione
946 2855 1066 2912 nostra
1085 2849 1214 2931 aliquid
1236 2850 1389 2914 minuero

340 2955 402 3012 aut
423 2948 558 3012 irritum
579 2947 691 3012 facere
715 2950 947 3031 temptauerit,
968 2948 1014 3012 sit
1034 2949 1071 3012 in
1093 2951 1268 3032 praesenti
1289 2969 1389 3033 sepa·

340 3055 437 3112 ratus
465 3068 487 3112 a
517 3056 639 3113 sancta
674 3050 912 3114 communione
948 3049 1101 3131 corporis
1139 3057 1174 3114 et
1211 3051 1390 3133 sanguinis

343 3149 484 3225 Christi,
508 3156 543 3214 et
568 3149 605 3213 in
637 3149 692 3213 die
718 3150 847 3227 iudicii,
873 3152 917 3214 ob
939 3151 1099 3214 meritum
1120 3151 1274 3216 malitiae
1295 3171 1391 3230 suae,

342 3271 364 3314 a
383 3250 561 3315 consorcio
582 3257 779 3316 sanctorum
796 3252 947 3315 omnium
971 3259 1185 3334 segregatus.
1237 3252 1391 3318 Circum·

342 3351 456 3414 cincta
478 3358 531 3415 est
558 3349 642 3416 haec
672 3360 765 3415 terra
788 3350 842 3415 his
866 3351 1089 3418 terminibus:
1118 3353 1155 3416 in
1178 3353 1311 3419 oriente
1336 3375 1392 3419 ec·

343 3451 448 3516 clesia
482 3451 593 3516 sancti
625 3452 782 3529 Martini,
808 3453 845 3516 in
874 3453 1014 3517 meridie
1042 3454 1101 3516 uia
1136 3454 1177 3518 of
1201 3455 1392 3539 Burhgate,

343 3553 379 3617 in
402 3552 577 3617 occidente
609 3559 646 3617 et
673 3553 710 3617 in
740 3553 900 3636 aquilone
924 3554 1184 3637 Drutingstrrit.
1236 3553 1329 3625 Acta
1356 3557 1393 3620 in

343 3653 484 3718 ciuitate
503 3653 708 3732 Doroherni,
724 3673 816 3720 anno
838 3655 882 3719 ab
904 3655 1141 3720 incarnatione
1161 3654 1290 3722 Christi
1311 3673 1392 3722 nov,

345 3754 531 3821 indictione
546 3771 624 3820 v111.

401 3856 440 3937 ›1‹
462 3855 538 3937 Ego
554 3854 828 3934 AethilberhtuS,
846 3877 910 3921 rex
924 3855 1086 3935 Careiae,
1102 3877 1188 3923 sana
1206 3867 1321 3924 mente
1342 3860 1394 3923 in-

345 3964 511 4039 tegroque
539 3957 693 4034 consilio,
720 3956 944 4024 donacionem
976 3978 1087 4022 meam
1116 3960 1216 4042 signo
1253 3969 1395 4026 sanctae

346 4057 455 4122 crucis
470 4059 609 4143 propria
624 4077 729 4124 manu
743 4059 903 4124 roboraui
915 4059 1193 4144 confirmauique.
