3112 5032
290 405 292 410 ·
334 367 400 434 160
584 381 758 432 canaria
784 380 1127 430 nncnosnxonrcnu.

333 559 418 606 suae
446 541 521 605 iure
542 541 782 607 'ecclesiastico
804 540 1047 624 possidendam
1069 533 1213 603 tradidit
1238 535 1384 599 libenter

336 662 400 725 pro
415 641 556 706 domino
571 642 799 725 omnipotenti
820 649 856 706 et
880 660 944 724 pro
959 639 1109 704 remedio
1131 638 1269 702 animae
1291 653 1387 698 meae

336 742 381 805 ad
403 742 584 806 ecclesiam
605 743 727 808 beatae
749 741 878 805 mariae
897 740 1080 822 genetricis
1094 737 1130 803 di
1143 746 1182 802 et·
1192 737 1251 800 diii
1264 735 1315 799 nii
1327 733 1386 797 ihu

334 839 395 928 xpi
411 861 521 924 ,quae
544 843 613 906 sita
631 850 685 906 est
705 843 742 906 in
763 860 963 924 uueogorua
977 841 1120 904 ciuitate
1132 837 1279 918 largitus
1297 854 1385 898 sum.

334 949 371 1005 et
393 941 458 1005 hoc
485 961 565 1006 cum
593 943 845 1030 subscriptione
872 940 1067 1024 principum
1093 957 1247 1002 meorum
1274 935 1386 998 muni-

335 1041 426 1107 endo
441 1042 571 1105 munio.

389 1144 428 1223 ›1‹
443 1141 520 1223 Ego
531 1140 692 1205 aldredus
709 1140 769 1228 re‘g¹
791 1141 901 1206 huiec.
918 1137 1058 1224 proprii
1073 1157 1186 1204 meam
1201 1136 1385 1201 donationi

333 1241 436 1324 signo
449 1242 561 1305 crucis
575 1241 707 1305 notaui.

392 1342 431 1424 ›1‹
445 1340 505 1427 sig
521 1342 599 1405 mari
614 1340 814 1424 cyneberhti
827 1337 878 1428 fii.

389 1443 430 1522 »Β
443 1440 504 1528 Si}
519 1442 597 1505 maii
613 1440 753 1504 cudredi
768 1437 819 1527 pf.

312 1567 313 1570 ¹
391 1543 431 1622 ›1‹
445 1540 505 1627 sig
519 1541 597 1605 maii
613 1542 733 1604 onmes
746 1537 798 1627 fd.

383 1638 556 1721 Scriptum
574 1647 628 1704 est
650 1640 716 1704 hoc
740 1643 833 1704 anno
855 1641 899 1704 ab
922 1639 1017 1704 ineai·
1034 1635 1094 1726 x'pi
1110 1686 1118 1702 .
1137 1635 1384 1701 nccuxxund.

250 1779 255 1787 -
336 1736 415 1802 Ind.
431 1755 493 1803 xv.
509 1740 589 1804 anii.
607 1740 723 1805 decen.
742 1757 849 1805 xvru.
864 1740 1019 1805 lum-xv.

806 1918 926 1933 -—

756 2037 973 2103 CXXXII.

543 2183 818 2250 ECGBERHT
842 2185 907 2250 OF
930 2183 1082 2263 KENT,
1103 2181 1180 2248 778.

389 2331 429 2413 >1⁴
443 2329 490 2420 Iu
505 2333 643 2397 nomine
658 2333 786 2397 domini
801 2333 910 2398 nostri
925 2332 1032 2397 Ihesu
1040 2331 1191 2397 Christi!
1237 2326 1386 2392 Pietatis

332 2431 546 2512 beneficium,
556 2432 649 2516 quod
658 2432 804 2517 quisque
811 2434 963 2498 fidelium
976 2452 1040 2516 pro
1050 2430 1179 2496 Christi
1193 2427 1387 2494 reuerentia

332 2549 434 2596 seruo
449 2532 504 2596 dei
516 2532 663 2597 fideliter
676 2533 814 2624 domino
837 2533 1002 2598 seruienti
1023 2529 1287 2596 misericorditer
1300 2547 1382 2591 oon·

332 2630 463 2708 tulerit,
478 2631 616 2698 Christo
632 2632 697 2696 hoo
712 2632 867 2700 conferre
881 2632 1083 2697 dinoscitur.
1135 2631 1229 2694 Nam
1249 2629 1324 2711 ipse
1346 2627 1383 2690 in

332 2729 400 2794 fine
415 2732 533 2796 mundi
546 2732 590 2796 ad
605 2732 734 2797 electos
756 2752 838 2798 suos
859 2734 1004 2816 loquens
1016 2732 1171 2797 dicturus
1193 2737 1268 2793 est:
1293 2726 1382 2791 Cum

332 2830 392 2894 uni
405 2850 451 2895 ex
464 2832 712 2914 minimis-meis
724 2833 866 2922 lecistis,
879 2833 963 2897 mihi
973 2831 1114 2897 fecistis.
1168 2830 1300 2895 Iccirco
1314 2849 1380 2911 ego

334 2929 550 3012 Ecgberhtus
564 2951 626 2998 rex
638 2932 905 3022 (iantuariorum
919 2933 1009 2996 hanc
1021 2931 1227 2996 dominicam
1242 2936 1381 2994 senten-

332 3029 417 3092 tiam
429 3032 624 3096 memoriter
638 3033 804 3110 retinens,'
816 3041 852 3098 et
865 3034 931 3116 p'iis
945 3033 1104 3115 operibus
1119 3031 1183 3095 deo
1192 3031 1381 3112 instigante

334 3127 520 3211 adimplere
550 3135 699 3197 curabor
732 3133 796 3197 tibi
825 3134 971 3211 Dioren,
1001 3131 1185 3198 Hr'ofensis
1217 3130 1381 3195 ecclesiae

332 3228 492 3306 antistiti,
519 3230 668 3314 aliquam
700 3239 836 3315 partem
869 3241 981 3298 terrae
1012 3233 1097 3297 iuris
1133 3230 1200 3294 mei
1233 3230 1380 3294 libenter

332 3329 496 3407 concedo,
525 3331 561 3396 id
590 3339 644 3396 est
671 3332 847 3397 dimidiam
882 3335 984 3397 unius
1017 3331 1124 3396 aratri
1153 3338 1287 3414 partem
1321 3329 1380 3394 uhi

332 3429 530 3498 nominatur
559 3431 789 3516 Bromgcheg‚
818 3434 920 3498 simul
942 3439 978 3498 et
999 3432 1182 3496 mariscum
1211 3429 1381 3495 uocabulo

331 3529 457 3612 Scaga‚
482 3537 518 3594 et
540 3538 580 3595 ut
603 3552 665 3614 per
688 3551 790 3598 omne
812 3535 857 3597 ab
880 3534 946 3598 hac
973 3531 1028 3596 die
1055 3539 1092 3596 et
1112 3531 1273 3613 deinceps
1298 3531 1379 3610 sub·

330 3648 477 3712 sequens
496 3637 643 3714 tempus,
664 3651 742 3696 cum
767 3633 954 3697 notissimis
977 3631 1130 3697 terminis
1155 3629 1382 3713 omnibusque

330 3729 538 3796 utilitatibus
554 3731 598 3796 ad
614 3751 689 3796 eam
705 3734 770 3797 rite
789 3732 1052 3815 pertinentibus,
1068 3738 1129 3797 tuo
1150 3731 1290 3813 proprio
1312 3729 1379 3794 iuri

330 3830 551 3896 aeternaliter
583 3833 786 3910 hahendam,
822 3832 1076 3916 possidendam,
1108 3831 1379 3913 tradendumque

328 3930 520 4014 cuicunque
546 3932 724 3996 hominum
752 3932 902 3997 uolueris
934 3932 1036 3998 hilari
1063 3931 1214 3996 concedo
1250 3931 1376 3994 animo.

331 4029 447 4094 Huius
463 4040 579 4097 autem
593 4034 730 4098 marisci
745 4034 910 4098 terminus
929 4041 983 4098 est
1005 4051 1096 4114 aqua
1117 4051 1205 4115 pene
1226 4031 1379 4113 undique

329 4129 606 4214 circumperiusa.
658 4134 795 4217 Siquis
819 4155 902 4217 ergo
924 4133 1109 4198 haeredum
1125 4151 1378 4197 successorum-
