3168 5028
348 503 421 568 lxvi
696 519 1003 568 taraonuorrou.

393 696 425 759 5.
448 693 640 778 Augentem
662 695 727 760 hoc
750 715 862 760 meum
888 701 1107 780 praeceptum
1130 695 1348 779 omnipotens

351 796 436 861 deus
448 815 513 863 sua
525 817 646 880 augere
660 799 751 864 bona
765 799 801 863 in
816 805 990 864 aeternum
1003 817 1073 864 non
1084 803 1217 878 cessat3
1239 797 1350 861 minu-

351 906 474 978 entem,
500 901 591 984 quod
617 920 686 965 non
716 906 886 984 optamus
917 901 1006 966 sciat
1029 919 1066 965 se
1093 907 1173 964 ante
1201 899 1350 964 tribunal

351 999 477 1065 Christi
506 1002 674 1068 rationem
701 1003 923 1082 redditurum,
951 1001 1019 1067 nisi
1049 1009 1130 1067 ante
1155 1021 1197 1067 ea
1225 1001 1289 1065 deo
1314 1006 1350 1065 et

350 1099 543 1168 hominibus
558 1105 645 1170 satis
661 1104 901 1169 emendauerit.
1230 1103 1305 1169 767.

393 1221 426 1285 6.
450 1221 488 1286 Si
513 1221 591 1305 quis
616 1240 709 1300 uero,
731 1222 822 1305 quod
848 1220 950 1299 absit,
974 1221 1064 1286 hanc
1087 1226 1240 1285 nostram
1259 1241 1350 1286 com·

350 1323 575 1387 mutationem
597 1321 778 1404 infringere
802 1323 1024 1406 [praesumat
1046 1323 1150 1404 sciat]
1173 1342 1211 1387 se
1235 1341 1349 1387 coram

351 1423 489 1522 Christo
504 1433 540 1489 et
554 1425 683 1508 angelis
699 1425 773 1489 eius
787 1425 954 1488 rationem
968 1425 1189 1489 redditurum.
1229 1425 1305 1489 767.

393 1543 425 1607 7.
449 1541 576 1607 Nullus
599 1563 714 1626 regum
735 1551 795 1607 aut
818 1543 1056 1626 episcoporum
1079 1542 1135 1606 uel
1157 1543 1349 1626 principum

350 1651 569 1726 praesentum
582 1643 639 1708 uel
651 1644 841 1708 futurorum
855 1643 926 1707 ista
936 1643 982 1707 sit
993 1650 1208 1708 contemnere
1225 1663 1350 1726 ausus;

351 1749 406 1812 sin
434 1756 549 1812 autem
577 1748 698 1813 reddat
727 1749 895 1811 rationem
931 1766 1046 1811 coram
1074 1747 1138 1811 deo
1165 1756 1202 1812 et
1235 1766 1350 1812 coram

351 1849 481 1933 angelis
502 1849 576 1914 eius
594 1850 632 1912 in
652 1850 708 1914 die
724 1847 946 1913 reuelationis
967 1846 1094 1911 domini
1114 1849 1223 1912 nostri
1243 1847 1348 1914 Ihesu

353 1949 491 2016 Christi.
535 1949 657 2015 Amen.
1230 1947 1306 2016 805.

393 2067 425 2132 8.
449 2067 487 2132 Si
509 2068 588 2152 quis
611 2067 699 2132 hanc
721 2067 938 2152 largitionem
958 2068 1010 2132 illi
1027 2073 1161 2152 augeat,
1184 2075 1352 2152 augeatur

350 2169 402 2234 illi
430 2189 452 2233 a
479 2169 544 2233 deo
572 2169 671 2247 uita„
705 2169 744 2234 Si
773 2170 850 2252 quis
879 2169 1090 2248 deminuerit,
1119 2169 1211 2254 quod
1240 2170 1351 2252 absid,

352 2269 565 2334 deminuatur
584 2270 651 2334 sibi
671 2270 780 2354 gloria
799 2271 835 2334 in
855 2269 1004 2350 Christo,
1022 2270 1090 2336 nisi
1114 2271 1351 2336 satisfactione

352 2371 595 2459 emendauerit.
1231 2371 1306 2438 805.

395 2490 427 2558 0.
450 2489 488 2554 Si
501 2489 578 2573 quis
593 2508 686 2568 uero,
697 2490 788 2574 quod
798 2510 867 2554 non
881 2497 1051 2573 optamus,
1064 2489 1225 2554 maliuolo
1237 2497 1352 2556 mente

351 2591 442 2658 hanc
466 2611 577 2656 meam
604 2591 823 2657 donationem
844 2592 1024 2677 infringere
1046 2592 1242 2669 tentauerit,
1262 2593 1352 2660 sciat

353 2692 580 2758 serationem
603 2713 680 2757 esse
702 2693 921 2772 reddituram,
946 2701 1026 2759 ante
1052 2691 1201 2758 tribunal
1224 2692 1351 2757 domini

353 2793 462 2858 nostri
473 2792 578 2858 Ihesu
590 2792 718 2858 Christi
725 2794 793 2858 nisi
805 2801 885 2860 ante
900 2814 942 2861 ea
951 2794 1152 2878 pleniterem
1163 2793 1350 2859 endaverit.

397 2991 450 3056 10.
472 2992 603 3076 Siquis
619 2999 734 3058 autem
748 3013 864 3078 regum
877 3003 939 3061 aut
954 2997 1145 3080 principum
1164 2997 1221 3061 uel
1240 2997 1351 3079 quali-

354 3095 414 3160 bet
439 3111 564 3175 magna
588 3113 765 3180 paruaque
783 3115 931 3180 persona
955 3097 1045 3161 hanc
1070 3105 1221 3162 nostram
1245 3098 1352 3162 dona·

353 3194 482 3262 tionem
519 3213 733 3278 corrumpere
766 3198 963 3277 tentauerit,
991 3197 1080 3262 sciat
1111 3197 1169 3262 ille
1204 3217 1242 3262 se
1273 3217 1350 3264 esse

301 3373 304 3378 ¹
354 3297 554 3364 damnatum
572 3302 608 3359 et
628 3315 649 3359 a
670 3296 733 3362 deo
752 3305 948 3380 separatam
966 3298 1023 3367 hic
1038 3306 1074 3364 et
1092 3299 1128 3364 in
1145 3298 1270 3376 futuro,
1284 3301 1352 3364 nisi

244 3427 261 3442 ,.
275 3407 304 3422 ·'
355 3396 449 3479 digni
463 3395 699 3463 satisfactione
718 3399 949 3464 emendanerit
962 3397 1154 3481 iniquitatis
1169 3419 1231 3464 sue
1244 3399 1352 3466 auda-

354 3498 466 3577 cium;
489 3504 603 3562 tamen
617 3508 778 3565 manente
798 3518 839 3566 ae
857 3499 991 3565 cartula
1004 3500 1041 3566 in
1056 3519 1119 3569 suo
1133 3500 1352 3566 nihilominus

355 3597 700 3666 firmitateroborata.
1232 3602 1308 3670 823.

391 3715 452 3780 -ll.
474 3714 512 3780 Si
525 3714 638 3797 igitur,
653 3714 745 3797 quod
761 3715 862 3793 absit,
878 3703 1026 3780 alicuius
1041 3720 1226 3799 potestatis
1239 3719 1353 3798 homo,

356 3816 528 3882 diabolica
547 3817 739 3883 temeritate
758 3816 956 3899 instigatus,
970 3819 1168 3896 surrexerit,
1184 3820 1244 3902 qui
1263 3820 1352 3888 hanc

356 3937 467 3984 meam
495 3916 762 3982 munificentiam
786 3917 1004 4002 confringere,
1026 3919 1083 3984 uel
1108 3920 1269 4000 minuere,
1293 3932 1355 3989 aut

355 4018 391 4081 in
414 4019 500 4082 aliut
522 4025 719 4081 conuertere
742 4036 847 4102 quam
872 4039 894 4083 a
915 4020 1016 4084 nobis
1041 4021 1267 4086 constitutum
1289 4032 1355 4102 est,

357 4117 587 4204 temptauerit,
609 4119 699 4184 sciat
727 4138 765 4184 se
794 4125 874 4186 ante
902 4122 1051 4188 tribunal
1080 4123 1198 4188 aeterni
1227 4123 1353 4192 iudicis

356 4219 521 4285 rationem
541 4236 617 4283 esse
637 4219 859 4302 redditurum,
878 4223 945 4287 nisi
968 4230 1049 4290 ante
1069 4223 1176 4306 digna
1196 4225 1354 4291 satisfac·
