3112 5032
309 428 375 494 220
557 442 733 492 ounnrnn
756 443 1103 492 tucnosnxourcnu.

310 601 382 666 siae
398 602 569 667 alumnus.
624 603 702 666 Pax
715 600 922 684 augentibus
933 609 968 666 et
977 601 1271 667 consentientibus
1285 600 1364 666 huic

310 702 460 779 decreto,
479 703 712 767 minuentibus
727 705 810 767 nero
825 702 881 766 uel
896 703 1211 767 contradicentibus
1233 702 1363 786 disper-

311 801 363 866 sio
379 802 425 866 sit
438 803 659 885 sempiterna,
674 823 785 886 neque
806 801 862 866 hic
883 803 1055 867 stabilitas
1076 802 1184 880 uitae,
1197 821 1308 884 neque
1326 803 1362 865 in

309 901 428 966 futuro
440 903 587 986 requies,
627 902 691 967 Hii
711 910 794 967 suut
812 891 919 969 testes
932 902 1035 968 huius
1048 903 1244 967 donationis
1258 909 1363 985 atque

309 1001 450 1068 decreti.

367 1104 415 1184 »14
423 1101 501 1184 Ego
530 1102 731 1168 Deneberht
757 1103 952 1188 episcopus,
985 1103 1028 1167 ad
1067 1103 1365 1168 confirmationem

311 1207 507 1267 sermonum
521 1203 665 1267 istarum
667 1205 829 1287 ,signum
843 1212 986 1269 sanctae
1001 1205 1112 1268 crucis
1127 1203 1267 1286 inpono

367 1300 500 1384 »14Εςο
536 1303 733 1386 Unigberht
759 1305 941 1388 presbiter.
1010 1307 1050 1386 »14
1077 1303 1154 1385 Ego
1185 1297 1363 1368 Heahferb

310 1402 498 1584 dlassliilgo
527 1501 711 1567 Eanuuald
732 1504 909 1586 presbiter.
970 1504 1010 1584 »14
1027 1503 1104 1586 Ego
1126 1501 1257 1568 Georra
1286 1503 1361 1566 dia·

310 1621 502 1784 congsiigo
511 1700 683 1767 Aldberht
691 1705 870 1787 presbiter
927 1706 965 1785 »14
981 1704 1058 1786 Ego
1071 1702 1270 1787 Uuynhelm
1287 1703 1361 1767 dia-

311 1819 498 1985 cosssssgo
509 1901 717 1967 Habounald
730 1905 910 1990 presbiter.
941 1908 981 1988 »14
996 1904 1073 1986 Ego
1084 1904 1170 1968 Bica
1184 1876 1360 1968 diaconus.
1361 1849 1367 1982 *-

365 2004 403 2083 »14
419 2002 506 2084 Ego
504 2003 722 2068 Torhtnuald
731 2005 911 2087 presbiter
960 2008 1000 2088 »14
1015 2004 1092 2087 Ego
1103 2004 1193 2068 'liba
1203 2004 1361 2068 clericus.

313 2202 321 2216 ·
366 2104 404 2183 »14
420 2102 670 2221 EgoSelheard
679 2106 858 2187 presbiter.
927 2104 1058 2187 ›14Ego
1068 2103 1260 2168 Uult'neard
1275 2105 1367 2168 cler*

310 2221 495 2385 1011on
511 2303 683 2368 Torhtred
696 2305 875 2387 presbiter.
934 2308 972 2387 »14
988 2304 1064 2387 Ego
1081 2301 1280 2386 Uuighelm.

366 2403 406 2482 »14
420 2402 497 2485 Ego
512 2403 649 2468 Herred
664 2405 843 2487 presbiter.
899 2407 939 2486 »14
954 2404 1030 2488 Ego
1045 2404 1193 2468 Pleired.

364 2503 404 2583 »14
420 2502 496 2585 Ego
511 2502 688 2570 Heahierb
706 2506 885 2589 presbiter.
942 2506 982 2585 »14
997 2505 1073 2587 Ego
1088 2502 1310 2570 Haeouuald.

775 2698 897 2711 —

715 2851 962 2917 CLXXXII.

557 3027 881 3105 DENEBERHT,
908 3028 1014 3092 about
1035 3026 1111 3093 802.

362 3196 588 3278 »14Τιιιιοιιι
606 3203 818 3286 temporibus
835 3203 1036 3280 succedunt,
1050 3209 1085 3266 et
1102 3202 1280 3285 generatio
1300 3221 1361 3284 ge·

309 3304 521 3374 nerationem
539 3305 705 3386 sequitur,
721 3304 803 3386 quia
825 3303 884 3367 alii
899 3310 1080 3367 transeunt
1094 3310 1130 3366 et
1144 3302 1204 3366 alii
1219 3303 1363 3366 adueni«

308 3412 382 3484 unt,
401 3413 492 3470 terra
504 3412 622 3468 tamen
637 3404 673 3467 in
692 3423 757 3467 sua
779 3403 968 3467 stabilitate
981 3423 983 3427 ’
994 3423 1103 3486 usque
1119 3404 1163 3466 ad
1182 3402 1358 3467 dissoluti·
1472 3457 1476 3465 .
1540 3401 1541 3424 ¹

310 3506 385 3580 onis
403 3513 538 3588 tempus
554 3504 751 3587 perenniter
764 3510 890 3567 manet.
945 3502 1029 3567 Ideo
1046 3523 1108 3587 pro
1128 3511 1201 3567 tam
1215 3503 1361 3574 diuersis

308 3613 501 3689 temporum
530 3604 785 3686 negationibus,
814 3603 1028 3668 heroicorum
1056 3604 1233 3667 hominum
1257 3622 1363 3686 saepe

308 3705 544 3788 possessiones
560 3705 596 3768 in
611 3704 726 3768 uarios
742 3704 930 3768 deueniunt
943 3704 1127 3783 haeredes3
1143 3704 1245 3767 modo
1260 3711 1362 3786 optas

309 3807 444 3882 tissimi,
458 3805 559 3869 modo
571 3804 765 3868 exosissimi
777 3804 1009 3890 dominatores
1016 3804 1154 3868 illorum
1166 3803 1361 3887 percipiunt

307 3905 555 3970 haereditatem
568 3925 588 3984 3·
604 3924 674 3988 qua
691 3910 832 3987 propter
854 3905 1034 3987 prudentis
1053 3904 1188 3968 consilii
1206 3903 1273 3966 uiri
1296 3903 1361 3967 hoc

196 4090 199 4096 Ι
307 4006 482 4082 decretum
492 4005 591 4069 firma
605 4005 910 4092 praemeditatione
921 4005 1186 4081 constituerunt,
1197 4009 1237 4067 ut
1247 4003 1361 4072 omnia

308 4124 373 4170 sua
387 4111 520 4170 statuta
539 4106 715 4171 literarum
738 4105 826 4169 serie
842 4105 1139 4188 praemeditarent.
1194 4103 1279 4167 Ideo
1294 4125 1358 4186 ego

299 4206 508 4271 ·Deueberht
523 4205 704 4290 episcopus
720 4206 822 4271 simul
844 4225 921 4270 curn
941 4226 1018 4273 mea
1037 4204 1169 4270 familia
1183 4224 1227 4269 on
1244 4204 1356 4287 Unig-
