3188 5032
311 407 375 472 102
570 421 742 472 curaris
766 419 1108 500 rncnosrxourern.

630 733 632 738 .
708 785 711 790 Ι
739 687 949 765 cxxxv.

444 829 721 948 ninnnnur
745 880 810 945 on
838 878 989 957 usur,
1009 877 1124 964 apr-n,
1145 879 1222 945 res.

371 1074 410 1155 ›1‹
442 1072 487 1136 ΙΝ
520 1073 656 1137 nominc
687 1068 815 1137 domini
846 1070 902 1134 dei
934 1070 1043 1135 nostri
1076 1070 1182 1135 Ihesu
1214 1070 1367 1134 Christil

315 1172 392 1252 Ego
423 1171 611 1250 Eadberht‚
646 1191 709 1236 rex
739 1170 1020 1248 Cantuariorum,
1055 1170 1183 1234 donaui
1216 1171 1367 1252 aliquam

316 1278 450 1353 partem
472 1281 585 1338 terrae
607 1293 670 1356 pro
693 1270 843 1336 remedio
877 1271 1012 1334 animae
1045 1289 1142 1334 meae
1178 1277 1284 1354 atque
1315 1269 1368 1332 in-

317 1372 498 1455 dulgentia
519 1373 722 1438 delictorum
744 1389 908 1447 meorum,
942 1369 1158 1452 episcopatui
1181 1369 1274 1434 beati
1294 1367 1368 1433 An-

317 1471 421 1536 dreae
442 1473 603 1555 apostoli,
626 1492 668 1536 ac
701 1471 897 1536 uenerabile
919 1469 996 1535 uiro
1019 1469 1194 1547 Ealdulfo‚
1216 1470 1290 1534 eius
1313 1489 1368 1533 ec-

319 1572 444 1635 clesiae
474 1572 635 1650 antistiti,
662 1573 700 1636 in
726 1571 868 1652 regione
894 1588 984 1652 quae
1014 1577 1160 1634 uocatur
1183 1568 1304 1652 Hobg,
1331 1570 1369 1632 in

318 1671 395 1736 loco
428 1671 489 1754 qui
516 1672 642 1736 dicitur
670 1669 968 1748 Andscobesbarn,
994 1669 1030 1733 id
1061 1676 1116 1733 est
1144 1670 1262 1733 decem
1292 1688 1369 1733 ara·

318 1778 462 1849 trorum,
504 1771 604 1837 iuxta
648 1771 923 1836 aestimationem
968 1769 1167 1851 prouinciae
1204 1769 1367 1834 eiusdem.

321 1870 439 1937 Huius
453 1890 536 1938 uero
551 1880 663 1937 terrae
677 1859 929 1954 possessionem
942 1869 994 1934 ita
1010 1870 1187 1952 praedicto
1209 1870 1370 1952 episcopo

319 1970 467 2052 largitus
489 1991 577 2050 sum,
600 1991 678 2037 cum
700 1970 858 2036 omnibus
884 1971 928 2035 ad
952 1989 1027 2034 earn
1050 1969 1313 2054 pertinentibus,
1336 1970 1371 2033 id

321 2077 375 2136 est
397 2073 539 2154 campis,
563 2073 672 2150 siluis,
692 2072 813 2155 pratis,
833 2069 1002 2153 piscariis,
1023 2070 1242 2150 salsilagene,
1266 2077 1371 2152 atque

320 2171 479 2238 omnibus
509 2172 714 2237 utensilibus
738 2171 825 2249 eius,
851 2171 951 2236 iuxta
975 2177 1076 2234 notos
1098 2170 1263 2236 terminos
1289 2189 1371 2234 con·

321 2271 474 2336 stitutos.
526 2271 607 2337 Hoc
631 2291 769 2356 quoque
802 2271 1031 2354 praecipimus
1060 2277 1101 2334 ut
1127 2270 1244 2334 nullus
1271 2288 1372 2353 prae·

320 2377 436 2436 sumat
454 2373 724 2455 propinquorum
739 2371 929 2455 [m]e0rum
943 2371 1000 2434 uel
1012 2388 1248 2435 successorum
1267 2370 1372 2453 [m]e·

323 2490 421 2534 orum
436 2470 526 2536 hanc
540 2472 762 2537 donationem
785 2490 896 2536 meam
912 2469 1066 2534 minuere
1086 2469 1274 2552 infringere
1286 2489 1373 2552 quo·

321 2571 506 2653 quomodo.
558 2572 596 2636 Si
617 2572 696 2655 quis
720 2591 816 2649 uero,
838 2572 933 2652 quod
956 2591 1026 2636 non
1049 2570 1230 2648 credimus,
1252 2577 1374 2635 contra

323 2678 545 2754 praeceptum
568 2693 681 2737 meum
696 2672 776 2737 huic
790 2671 977 2736 donatione
997 2689 1094 2734 meae
1116 2670 1279 2734 malibolo
1298 2671 1373 2734 ani·

321 2789 380 2834 mo
395 2773 565 2838 contraire
577 2772 810 2855 temptauerit,
833 2771 921 2836 sciat
943 2791 980 2834 se
1002 2770 1038 2836 in
1059 2771 1115 2834 die
1128 2769 1244 2834 iudicii
1266 2769 1372 2834 ratio-

321 2890 403 2934 nem
418 2870 482 2936 dec
497 2872 721 2951 redditurum,
736 2879 932 2936 manentem
954 2879 1071 2936 tamen
1092 2871 1183 2936 banc
1204 2871 1373 2934 cartulam

323 2969 545 3036 nihilominus
571 2973 608 3036 in
634 2991 700 3038 sua
733 2972 907 3036 firmitate.
973 2971 1011 3035 Si
1041 2971 1118 3052 quis
1146 2990 1229 3034 uero
1263 2970 1374 3052 magis

324 3069 506 3137 defendere
534 3091 661 3154 augere
690 3072 850 3148 uoluerit,
875 3071 979 3136 addat
1006 3070 1091 3135 deus
1120 3071 1212 3134 bona
1239 3069 1314 3134 eius
1337 3069 1375 3132 in

326 3176 419 3238 terra
432 3171 635 3237 uiuentium.
914 3233 916 3235 ,

322 3333 324 3338 .
381 3272 420 3353 ›1‹
441 3270 547 3336 Hanc
570 3290 708 3354 qnoque
732 3269 953 3336 donationem
975 3289 1087 3336 meam
1112 3288 1178 3351 ego
1200 3267 1376 3334 Eadberbt

324 3389 387 3435 rex
409 3371 664 3435 cantuariorum
685 3369 826 3453 propria
846 3389 952 3436 manu
974 3369 1175 3434 confirmaui
1189 3376 1224 3433 et
1238 3369 1375 3450 signum

321 3478 467 3534 sanctae
489 3471 600 3537 crucis
620 3470 739 3550 infixi.;
755 3475 862 3534 testes
881 3489 1019 3552 quoque
1040 3470 1183 3533 idoncos
1198 3469 1375 3534 commites

325 3589 421 3636 meos
450 3571 645 3636 confirmari
667 3577 702 3634 et
727 3570 939 3634 subscribere
965 3569 1041 3633 feci.
1099 3570 1138 3651 ›1‹
1167 3567 1245 3651 Ego
1274 3567 1375 3632 Uuil·

321 3670 448 3734 baldus
479 3671 655 3736 commites
677 3688 772 3733 meos
794 3669 988 3734 confirmari
1009 3675 1045 3732 et
1066 3668 1278 3732 subscribere
1298 3667 1375 3732 feci.

330 3769 372 3851 ›1‹
392 3770 468 3852 Ego
485 3770 698 3834 Dimheahac
719 3770 896 3834 commites
916 3789 1010 3833 meos
1028 3767 1223 3832 confirmari
1242 3774 1277 3832 et
1291 3768 1375 3832 scri-

326 3869 407 3932 bere
428 3869 504 3934 feci.
562 3873 600 3954 ›1‹
622 3870 698 3953 Ego
723 3867 902 3935 Hosberth
931 3867 1109 3935 commites
1131 3886 1226 3932 meos
1253 3867 1376 3931 confir-

327 3969 415 4032 mari
438 3977 473 4036 et
497 3971 646 4034 scribere
670 3969 748 4034 feci.
805 3971 844 4052 ›1‹
866 3969 943 4052 Ego
975 3967 1170 4034 Nothbaltb
1199 3968 1377 4031 commites

328 4087 422 4135 meos
445 4069 639 4135 confirmari
657 4077 693 4136 et
707 4067 855 4133 scribere
870 4068 945 4133 feci.
1003 4071 1043 4151 ›1‹
1064 4067 1140 4150 Ego
1155 4068 1271 4131 Banta
1285 4086 1378 4132 com-

328 4167 428 4232 mites
448 4189 542 4233 meos
560 4169 753 4236 confirmari
772 4177 808 4234 et
821 4169 969 4235 scribere
992 4169 1068 4232 feci.
1127 4169 1166 4249 ›1‹
1188 4166 1265 4250 Ego
1281 4166 1379 4232 Ruta
