3188 5032
325 389 397 460 lla
576 407 748 456 curaris
771 387 1114 456 uncrosrxonrere.

774 680 924 746 XCIII.

473 871 495 916 *
520 869 797 938 CUTHRAED
822 871 887 936 OF
910 870 1130 951 WESSEX,
1145 873 1223 938 744.

327 1092 331 1098 ·
378 1064 418 1146 ›1‹
441 1061 486 1127 IN
512 1061 650 1126 nomine
674 1060 803 1126 domini
825 1058 937 1126 nostri
963 1057 1070 1123 Ihesu
1097 1058 1239 1126 Christi.
1297 1064 1382 1148 Ego»

324 1162 519 1229 Cuthredus
534 1182 595 1229 rex
609 1161 893 1226 Uuestsaxonnm
907 1160 1071 1224 uniuersa
1084 1160 1235 1244 priorum
1256 1182 1375 1247 regum
1444 1219 1451 1236 .

323 1263 521 1348 subpetitIa,
543 1262 767 1339 CentuuineS,
789 1259 989 1336 Baldredes,
1009 1258 1259 1340 Caeduuallan,
1280 1263 1377 1343 Ines,

323 1362 586 1439 AethelbardeS,
602 1360 848 1427 Aethelbaldes
870 1359 962 1441 regis
981 1359 1202 1439 Merciorum,
1226 1361 1261 1426 in
1282 1364 1379 1428 uillis

322 1464 419 1529 etin
438 1463 524 1528 uicis
550 1470 655 1546 atque
674 1462 767 1544 agris
793 1479 834 1525 ac
863 1459 1025 1543 praediis,
1049 1462 1172 1525 massis
1205 1469 1241 1526 et
1266 1466 1376 1529 maio-

322 1564 429 1642 ribus,
462 1571 502 1628 ut
534 1569 588 1628 est
622 1562 770 1645 pristina
800 1561 883 1631 urbs
912 1559 1109 1642 Glastingei
1139 1563 1372 1644 corroborata,

321 1665 440 1748 sicque
465 1662 624 1747 propriae
654 1680 777 1726 manus
799 1659 1050 1744 subscriptione
1071 1661 1250 1744 crucisque
1272 1665 1375 1747 signo

322 1764 560 1828 confirmatum
596 1761 662 1827 hoe
688 1761 890 1826 donatiuum
921 1760 1038 1824 stabili
1065 1760 1140 1825 iure
1168 1769 1306 1844 gratum
1337 1773 1375 1830 et

322 1871 436 1929 ratum
461 1881 581 1946 regum
606 1862 859 1944 praedictorum
882 1861 1029 1925 decerno
1051 1859 1188 1940 durare,
1209 1864 1375 1946 quamdiu

322 1963 458 2046 uertigo
484 1963 556 2047 poli
583 1969 692 2028 terras
730 1968 835 2044 atque
863 1979 1016 2043 aequora
1040 1960 1132 2026 circa
1155 1962 1296 2028 aethera
1324 1965 1374 2029 si-

322 2063 441 2128 derum
455 2064 550 2129 iusso
563 2061 794 2127 moderamine
807 2061 938 2125 uoluet.
990 2060 1118 2144 Siquis
1132 2070 1247 2127 autem
1269 2063 1375 2130 huius

321 2176 419 2229 meae
450 2161 647 2229 donationis
679 2169 923 2227 testamentum
945 2161 1052 2224 nisus
1084 2159 1187 2226 fuerit
1221 2164 1372 2228 confrin-

322 2283 415 2347 gere,
448 2264 505 2328 uel
538 2282 694 2346 gressum
728 2262 826 2346 pedis
858 2260 956 2326 uobis
986 2259 1260 2344 Hengissingum
1299 2272 1372 2330 tra-

320 2362 442 2442 ditum,
467 2365 677 2446 uberemque
705 2363 840 2445 glebam
866 2368 972 2426 extra
1002 2361 1166 2426 terminos
1197 2365 1370 2444 praefixos

263 2529 273 2540 ,
321 2465 377 2529 uel
407 2463 567 2529 definitos
599 2462 726 2528 limites
761 2481 823 2526 seu
857 2460 1065 2527 constitutos
1098 2461 1260 2540 adimere,
1296 2465 1377 2548 ipse*

321 2563 437 2629 acrius
460 2564 628 2629 multatus
653 2563 712 2639 sit,
738 2562 916 2626 infernalis
938 2560 1106 2643 ergastuli
1127 2561 1164 2624 in
1185 2566 1371 2645 poenade-

320 2683 453 2730 mersus
466 2664 651 2730 uiolentiae
664 2683 747 2728 strae
757 2661 1071 2746 praesumptionem
1093 2660 1169 2726 luat
1182 2662 1218 2727 in
1233 2681 1356 2729 aeuum
1361 2705 1375 2731 .-

321 2762 446 2830 Amen.

376 2866 416 2948 ›1‹
433 2865 510 2947 Ego
525 2862 720 2930 cuthredus
734 2883 799 2928 rex
814 2863 1097 2928 Uuestsaxonum
1122 2861 1282 2950 propriae
1296 2884 1371 2930 ma-

321 2984 386 3029 nus
408 2950 660 3048 subscriptione
675 2972 818 3029 sanctae
832 2963 943 3028 crucis
955 2961 1136 3043 designaui
1158 2962 1316 3046 effigiem,
1330 2973 1371 3033 ut

319 3085 421 3130 nemo
435 3065 495 3149 qui
508 3084 545 3129 se
559 3072 784 3147 regnaturum
797 3065 835 3128 in
849 3062 988 3127 Christo
1009 3063 1156 3140 nouerit,
1171 3073 1370 3145 praesumat

319 3166 554 3230 mutarehanc
580 3165 813 3230 donationem.
869 3164 908 3246 ›1‹
926 3163 1002 3245 Ego
1019 3161 1263 3228 Hereuualdus
1278 3166 1373 3249 epis-⁴

319 3284 426 3348 copus
436 3265 623 3348 subscripsi
634 3272 670 3329 et
679 3264 880 3330 confirmaui
921 3265 961 3345 ›1‹
975 3262 1119 3344 Signum
1131 3283 1253 3327 manus
1264 3264 1369 3329 Cum-

319 3367 407 3431 bran
435 3364 600 3449 praefecti
623 3366 737 3447 regis;
766 3372 803 3430 et
824 3365 970 3428 aliorum
992 3363 1178 3427 multorum
1203 3365 1368 3430 nobilium

318 3466 589 3550 subscriptiones
608 3464 645 3528 in
667 3465 900 3530 testimonium
925 3474 962 3527 et
984 3462 1162 3546 exemplar
1182 3462 1284 3528 huius
1298 3466 1368 3530 lar-

318 3567 471 3649 gitionis.
510 3565 763 3647 Prouulgatum
785 3572 839 3630 est
859 3565 896 3628 in
918 3563 1094 3646 praedicto
1118 3565 1283 3630 coenobio
1305 3567 1369 3630 sub

318 3667 494 3749 presentia
512 3665 679 3730 Cutbredi
697 3666 802 3748 regis,
817 3664 908 3748 quod
930 3664 1090 3747 propriae
1112 3681 1237 3728 manus
1257 3667 1368 3730 muni-

319 3765 460 3832 ficentia
478 3765 602 3831 altario
623 3785 722 3831 sacro
742 3764 1005 3841 commendauit,
1024 3764 1060 3827 in
1081 3762 1198 3845 lignea
1214 3765 1375 3844 basilice„

319 3886 390 3952 qua
404 3867 529 3932 fratres
542 3867 678 3931 abbatis
694 3865 881 3948 Hemgisili
895 3863 1113 3946 sarcofagum
1128 3865 1321 3932 sortiuntur
1333 3867 1369 3930 in

319 3967 375 4033 die
388 3987 396 4034 :
411 3986 504 4034 anno
518 3968 563 4033 ab
577 3966 814 4033 incarnatione
830 3963 971 4046 domini,
986 3978 1159 4030 nooxmv,
1264 4025 1267 4028 .
