3112 5032
360 486 364 496 .
430 443 603 492 curantr
627 443 969 494 eaenosnxonrone.
1074 416 1075 420 ¹
1158 434 1223 498 147

163 601 201 666 et
221 599 266 665 ad
285 600 495 684 pascendum
518 617 641 685 porcos
658 609 692 666 et
706 621 844 684 pecora,
860 610 897 668 et
908 603 1062 667 iumenta
1078 603 1115 667 in
1130 605 1220 669 silua

164 702 273 782 regali
288 701 511 765 aeternaliter
524 701 697 783 perdono;
714 704 867 767 etunius
884 721 1029 786 capreae
1044 703 1218 769 licentiam

163 802 200 864 in
216 802 306 867 silua
319 821 409 885 qnae
421 808 569 865 uocatur
582 799 760 884 Saenling,
772 803 831 866 ubi
849 821 946 867 meae
960 803 1115 884 uadunt3
1138 813 1218 887 post

165 902 296 966 obitum
319 921 403 967 nero
418 909 515 966 tuum
534 901 661 966 habeas
675 909 883 984 potestatem
903 903 1039 966 tradere
1057 923 1132 968 eam
1154 903 1217 969 ho-

164 1002 249 1065 mini
269 1003 327 1066 cui
348 1002 411 1066 tibi
433 1001 614 1085 placuerit,
634 1021 698 1084 pro
723 1009 865 1066 aeterna
890 1001 1125 1086 redemptione
1142 1005 1217 1068 ani-

163 1120 296 1165 marum
327 1109 535 1166 nostrarum.
591 1100 629 1164 si
656 1101 733 1183 quis
764 1114 847 1166 uero
875 1121 1008 1184 regum,
1032 1105 1124 1185 quod
1147 1124 1215 1168 non

163 1201 277 1280 credo,
299 1221 360 1266 seu
379 1200 584 1285 principum,
600 1201 675 1265 siue
688 1201 833 1284 quilibet
853 1220 876 1264 a
897 1202 1060 1266 subiectis
1087 1223 1217 1283 comm,

163 1300 253 1366 hanc
272 1309 426 1366 nostram
454 1301 707 1365 munificentiae
728 1302 925 1384 largitatem
950 1301 1137 1384 infringere
1160 1304 1217 1368 uel

163 1402 316 1466 minuere
330 1402 609 1485 praesumpserit,
619 1402 707 1465 sciat
721 1419 759 1465 se
774 1421 796 1466 a
809 1401 1074 1484 participatione
1087 1402 1217 1468 domini

163 1503 273 1566 nostri
294 1501 400 1566 Ihesu
421 1500 551 1566 Christi
564 1502 717 1583 corporis
734 1509 769 1565 et
783 1502 962 1583 sanguinis
976 1501 1125 1567 alienum
1141 1521 1216 1567 esse

160 1601 197 1664 in
212 1601 278 1667 hoc
293 1603 451 1682 saeculo;
477 1608 513 1665 et
527 1602 564 1664 in
577 1599 735 1665 districto
748 1601 804 1664 dei
817 1601 1062 1684 omnipotentis
1076 1601 1214 1681 iudicio,

161 1720 277 1766 coram
295 1702 435 1767 Christo
457 1709 493 1766 et
518 1699 651 1784 angelis
676 1701 750 1764 eius
773 1700 940 1765 rationem
962 1720 1038 1766 esse
1061 1699 1214 1769 redditu-

161 1821 257 1881 rum;
281 1809 442 1866 manente
462 1801 527 1865 hac
548 1801 682 1866 cartula
695 1801 733 1864 in
756 1817 820 1865 sua
842 1819 977 1884 semper
991 1802 1215 1868 nihilominus

159 1900 333 1966 firmitate.

215 2002 256 2083 ›1‹
273 1999 444 2082 lignosa
461 2021 524 2065 rex
545 1999 753 2065 Merciorum
775 2000 866 2064 hanc
887 1999 1108 2064 donationem
1126 2019 1212 2064 con·

161 2101 314 2178 firmana,
342 2103 484 2185 propria
509 2120 614 2166 manu
638 2102 775 2184 signum
805 2098 916 2164 crucis
944 2099 1075 2164 Christi
1102 2099 1212 2164 infixi.

167 2203 206 2282 ›1‹
224 2201 301 2284 Ego
317 2201 513 2266 lambertus
538 2201 815 2284 archiepiscopus
833 2208 871 2264 et
889 2207 1002 2264 rector
1023 2200 1215 2264 catholicae

161 2301 325 2366 ecclesiae
353 2302 513 2368 consensi
540 2306 576 2366 et
600 2300 797 2384 subscripsi.
861 2300 902 2381 ›1‹
918 2299 1063 2382 Signum
1090 2318 1213 2364 manus

163 2400 412 2483 Cynethrithae
439 2403 590 2484 reginae.
656 2402 695 2482 ›1‹
717 2400 862 2483 Signum
890 2417 1014 2462 manus
1043 2396 1214 2482 Ecgfrithi

160 2500 221 2564 lilii
237 2503 341 2584 regis.
391 2505 430 2585 ›1‹
448 2501 593 2584 Signum
607 2518 730 2565 manus
744 2500 904 2565 Brordan
917 2499 1027 2564 ducis.
1078 2499 1212 2580 ›14Sig-

160 2620 242 2663 num
258 2622 381 2666 manus
394 2600 640 2667 Aethelheardi
656 2601 832 2683 principis.
872 2600 913 2681 ›1‹
930 2599 1074 2682 Signum
1089 2617 1213 2662 manus

159 2699 308 2787 Binnan,
366 2704 405 2783 ›1‹
423 2702 567 2784 Signum
580 2720 702 2766 manus
717 2699 958 2765 Berhtuualdi.
1009 2698 1049 2780 ›1‹
1065 2698 1212 2781 Signum

158 2818 281 2865 manus
296 2801 475 2866 Eadbaldi.

616 3087 747 3190 cxx.-

567 3238 710 3320 orrn,
727 3241 803 3306 772.

213 3397 252 3477 ›1‹
272 3392 425 3459 (iuuere
447 3391 580 3473 regalia
599 3398 737 3473 sceptra
756 3396 851 3453 recto
873 3388 1033 3469 iustoque
1052 3383 1208 3451 modera-

154 3495 248 3558 mine
261 3494 388 3583 iugiter
402 3492 616 3581 gubernante
629 3491 687 3573 pio
701 3491 875 3554 saluatore
888 3486 1084 3552 hominum!
1132 3486 1208 3568 Ego

159 3593 248 3670 Offa,
276 3594 330 3657 dei
362 3592 677 3676 praedestinatione
704 3610 765 3655 rex
797 3588 1003 3670 Anglorum,
1034 3584 1206 3649 seniorum

155 3687 309 3757 meorum
328 3691 527 3773 magisterio
549 3690 691 3755 edoctus
714 3697 749 3754 et
772 3688 931 3771 exemplo
953 3687 1147 3780 roboratus,
1168 3693 1208 3749 ut

154 3814 200 3857 ex
215 3799 378 3876 percepto
387 3791 553 3855 mundani
566 3790 665 3872 regni
679 3789 830 3854 dominio
838 3787 1112 3872 qualemcunque
1126 3801 1206 3867 par-

154 3897 237 3972 tem,
251 3892 410 3976 quamuis
431 3893 545 3955 minus
562 3891 715 3973 dignam,
736 3909 800 3973 pro
817 3887 1032 3954 absolutione
1053 3905 1207 3950 meorum

155 3994 403 4077 peccaminum,
419 3999 455 4055 et
467 4011 530 4075 pro
544 3991 778 4074 redemptione
797 3990 933 4053 animae
952 4004 1061 4062 meae,
1074 3985 1111 4048 in
1123 4005 1207 4049 usus

154 4092 408 4159 ecclesiasticae
431 4090 649 4155 liberalitatis
671 4091 914 4172 subrogarem3
948 4085 1094 4166 ideoque
1115 4104 1207 4148 nunc

154 4202 281 4259 terram
296 4200 375 4257 octo
390 4191 615 4269 manentium,
628 4190 693 4254 hoc
705 4198 769 4269 est,
784 4189 899 4253 uicum
913 4184 972 4270 qui
987 4192 1207 4268 nuncupatur

1015 4294 1029 4329 ι,
1040 4285 1056 4330 2
