3112 5032
448 477 621 527 cureris
644 477 985 526 nuonosnxorucnr.
1176 460 1239 523 181

185 639 346 702 uelantur
367 657 502 719 semper
525 655 689 702 mansura
712 645 748 700 et
776 637 850 700 sine
878 637 947 700 fine
968 635 1138 700 stabiliter
1160 653 1237 716 per-

184 738 308 801 durare
329 739 366 800 in
389 738 540 801 saecula.
582 737 684 800 Unde
710 744 746 801 et
768 738 957 800 certissime
973 742 1093 800 notum
1116 742 1236 797 estex

183 838 390 903 auctoritate
404 837 679 902 testimoniorum
702 857 877 902 sacrorum
900 836 1126 912 uoluminum,
1142 833 1234 916 quod

184 958 262 1001 cum
276 939 353 1002 istis
369 937 526 1020 fugitiuis
547 938 731 1001 mundanis
751 939 852 1001 rebus
867 936 1076 1018 sempiterne
1091 934 1236 997 mercari

183 1046 331 1120 possunt
345 1039 508 1103 coelestia
521 1056 641 1118 regna.
693 1037 916 1120 Quapropter
933 1056 998 1118 ego
1017 1034 1107 1112 offa,
1121 1034 1236 1115 gratia

184 1139 337 1220 gratuite
346 1139 402 1202 dei
412 1138 521 1221 patris
537 1137 746 1200 concedente
761 1137 971 1201 Marciorum
982 1154 1057 1213 rex,
1066 1134 1235 1200 maiorum

183 1258 336 1303 meorum
364 1239 520 1302 imitatus
548 1238 755 1320 exemplum,
779 1239 932 1320 cogitaui
953 1237 990 1300 iu
1013 1234 1115 1298 corde
1143 1253 1233 1312 meo,

183 1340 347 1421 quatinus
370 1358 415 1401 ex
437 1338 491 1400 his
506 1338 650 1420 sceptris
666 1337 840 1418 regalibus
854 1335 1019 1400 mundani
1041 1331 1140 1416 regni
1154 1354 1233 1416 per-

182 1440 291 1521 ceptis
309 1458 330 1502 a
354 1438 532 1516 conditore
552 1457 593 1503 uc
613 1438 777 1519 largitore
800 1438 952 1501 omnium
966 1438 1146 1512 bonorum,
1169 1434 1232 1498 ali-

183 1540 264 1622 quid
274 1540 432 1622 quamuis
446 1539 559 1601 minus
575 1537 729 1619 dignum,
743 1558 806 1620 pro
821 1538 972 1602 remedio
986 1536 1122 1602 animae
1135 1554 1232 1600 meae

181 1647 216 1704 et
229 1660 292 1722 pro
304 1639 526 1723 adipiscenda
536 1639 689 1721 praemia
699 1639 869 1720 polorum,
878 1638 914 1701 in
925 1656 1010 1700 usus
1021 1635 1231 1699 monasticae

180 1740 398 1804 liberalitatis
415 1740 590 1804 aecclesiis
605 1739 780 1802 donarem.
813 1739 967 1820 Ideoque
981 1756 1046 1818 ego
1061 1741 1096 1798 et
1105 1731 1230 1797 Aldre-

181 1839 245 1904 dus
268 1840 473 1922 subregulus
492 1838 729 1916 Huicciorum,
746 1839 783 1901 in
806 1857 985 1902 commune
1006 1856 1069 1918 pro
1092 1834 1230 1898 domino

177 1941 421 2023 omnipotenti,
452 1948 488 2003 et
516 1959 578 2020 pro
607 1945 749 2002 aeterna
777 1939 889 2002 salute
914 1939 1050 2001 animae
1077 1941 1230 2012 nostrae,

176 2047 383 2105 terram‘ter
404 2041 528 2123 quinos
549 2039 745 2102 mansiones
767 2037 963 2117 habentem,
980 2036 1015 2100 id
1039 2042 1092 2099 est
1114 2034 1229 2098 uicum

181 2141 240 2223 qui
252 2140 449 2205 nominatur
456 2139 714 2219 Timbingctun,
730 2139 774 2202 ad
790 2137 1037 2203 monasterium
1048 2135 1139 2218 quod
1148 2155 1229 2217 pro-

181 2242 254 2324 prie
276 2247 496 2322 nuncupatur
513 2246 570 2302 aet
586 2237 687 2315 Clife,
706 2245 742 2302 et
764 2239 808 2302 ad
828 2239 1028 2302 aecclesiam
1048 2236 1141 2299 beati
1157 2235 1227 2298 Mi-

182 2341 333 2404 chahelis
354 2339 553 2421 archangeli
566 2357 656 2420 quae
673 2337 758 2401 inibi
779 2338 924 2402 fundata
943 2343 1009 2415 est,
1030 2336 1178 2399 libenter
1191 2336 1228 2398 in

177 2441 467 2504 aecclesiasticam
478 2439 729 2522 possessionem
740 2438 907 2502 donantes
917 2436 1146 2502 concedimus.
1163 2436 1229 2500 Est

179 2549 296 2605 eutem
307 2541 471 2604 uicusille
485 2542 573 2604 situs
589 2541 653 2602 sub
662 2540 789 2604 montis
800 2559 885 2622 rupe
894 2539 953 2622 qui
968 2537 1112 2619 antiquo
1122 2554 1227 2599 uoca-

179 2642 261 2705 bulo
283 2642 456 2706 uocitatur
471 2639 713 2704 Uuendlesclif
732 2641 769 2703 in
792 2639 980 2722 aquilonali
1001 2643 1100 2719 parte
1125 2634 1228 2697 riuuli

181 2743 241 2825 qui
266 2741 392 2805 dicitur
405 2741 510 2824 Tyrl:
536 2747 571 2804 et
590 2748 644 2805 est
660 2739 863 2805 coniunctus
882 2747 994 2802 terrae
1014 2743 1095 2801 ante
1117 2735 1228 2799 nomi-

177 2843 255 2906 nati
268 2842 468 2906 monasterii
482 2861 560 2904 cum
574 2841 645 2904 suis
660 2840 825 2904 terminis.
878 2840 928 2903 Ut
947 2858 1031 2920 ergo
1049 2835 1135 2900 hacc
1150 2855 1226 2898 mu-

175 2943 355 3006 nificentia
379 2949 498 3005 nostra
519 2961 582 3023 pro
598 2939 736 3004 Christo
751 2958 915 3004 concessa
929 2959 970 3003 eo
985 2935 1133 3000 firmiore
1154 2941 1226 2998 ste·

179 3043 355 3108 bilimento
373 3041 619 3125 perpetualiter
639 3047 850 3123 permaneat,
872 3039 1012 3103 testium
1032 3044 1067 3100 et
1080 3054 1225 3100 consen·

179 3143 337 3208 tientium
351 3143 602 3225 episcoporum,
620 3142 807 3217 abbatuum
827 3160 867 3204 ac
881 3140 1072 3222 principum
1089 3143 1226 3200 nostro·

176 3259 254 3306 rum
277 3241 378 3324 signa
400 3248 436 3305 et
458 3241 597 3306 nomina
618 3242 654 3305 in
676 3241 742 3304 hac
767 3240 901 3305 cartula
924 3237 1112 3304 testimonii
1132 3235 1225 3301 infra

177 3344 370 3426 perscripta
385 3342 550 3405 adnotare
565 3342 773 3406 curauimus

232 3444 271 3524 ›1‹
283 3444 360 3525 Ego
370 3441 594 3506 Offadomino
608 3441 817 3506 concedente
832 3459 895 3503 rex
911 3436 1132 3513 Merciorum‚
1144 3436 1224 3500 huic

175 3552 314 3608 nostrae
330 3541 509 3607 donationi
523 3562 586 3625 pro
604 3543 733 3606 maiore
750 3540 912 3604 firmitate
930 3536 1098 3600 uexillum
1112 3538 1224 3600 crucis

177 3644 306 3709 Christi
319 3643 460 3726 propria
473 3662 579 3706 manu
593 3642 761 3725 impressi.
819 3640 858 3720 ›1‹
876 3639 952 3720 Ego
971 3635 1145 3701 Aldredus
1168 3636 1223 3699 dei

175 3744 266 3809 dono
297 3743 502 3825 subregulus
519 3741 756 3819 Huicciorum,
769 3740 860 3804 hanc
888 3737 1109 3802 donationem
1140 3756 1222 3800 nos-

172 3853 262 3910 tram
283 3845 442 3908 muniens
463 3845 601 3926 signum
620 3840 818 3905 salutiferae
833 3840 944 3904 crucis
959 3836 1093 3901 cunctis
1109 3837 1221 3918 genti-

172 3947 236 4009 bus
250 3946 391 4027 inpono.
448 3946 488 4026 ›1‹
507 3944 583 4026 Ego
599 3942 816 4006 Eadberhtus
832 3940 971 4005 Christo
986 3937 1124 4001 domino
1139 3957 1221 4000 con-

172 4045 313 4110 cedente
328 4045 523 4129 episcopuS,
537 4043 591 4107 his
606 4043 706 4106 dictis
721 4040 888 4107 consensi.
946 4039 985 4119 ›1‹
1003 4037 1079 4118 Ego
1095 4036 1220 4100 Berht·

171 4146 285 4209 hunus
308 4145 372 4209 deo
386 4151 422 4209 et
441 4151 539 4229 patre
559 4145 709 4208 donante
727 4141 877 4226 praesul,
895 4137 948 4201 his
972 4138 1112 4202 statutis
1138 4156 1220 4201 con-

171 4247 271 4310 sensi.
330 4246 369 4326 ’Β
389 4245 466 4328 Ego
484 4244 660 4310 Geolulsus
677 4244 790 4326 gratia
806 4243 860 4306 dei
885 4239 1105 4325 permittente
1130 4237 1220 4304 anti·
