<?xml version="1.0" encoding="UTF-8"?>
<!DOCTYPE html PUBLIC "-//W3C//DTD XHTML 1.0 Transitional//EN"
    "http://www.w3.org/TR/xhtml1/DTD/xhtml1-transitional.dtd">
<html xmlns="http://www.w3.org/1999/xhtml" xml:lang="en" lang="en">
 <head>
  <title>
</title>
<meta http-equiv="Content-Type" content="text/html;charset=utf-8" />
  <meta name='ocr-system' content='tesseract 3.04.00' />
  <meta name='ocr-capabilities' content='ocr_page ocr_carea ocr_par ocr_line ocrx_word'/>
</head>
<body>
  <div class='ocr_page' id='page_1' title='image "./codexdiplomatic04kembgoog_0214.png"; bbox 0 0 3188 5032; ppageno 0'>
   <div class='ocr_carea' id='block_1_1' title="bbox 487 399 1282 465">
    <p class='ocr_par' dir='ltr' id='par_1_1' title="bbox 487 399 1282 465">
     <span class='ocr_line' id='line_1_1' title="bbox 487 399 1282 465; baseline 0.009 -7"><span class='ocrx_word' id='word_1_1' title='bbox 487 409 660 460; x_wconf 75' lang='lat' dir='ltr'><strong>cnrnrnn</strong></span> <span class='ocrx_word' id='word_1_2' title='bbox 683 411 1024 462; x_wconf 76' lang='lat' dir='ltr'><strong>nucnosnxomcnn.</strong></span> <span class='ocrx_word' id='word_1_3' title='bbox 1237 399 1282 465; x_wconf 82' lang='grc'><strong>63</strong></span> 
     </span>
    </p>
   </div>
   <div class='ocr_carea' id='block_1_2' title="bbox 228 569 1282 1949">
    <p class='ocr_par' dir='ltr' id='par_1_2' title="bbox 228 569 1282 1232">
     <span class='ocr_line' id='line_1_2' title="bbox 228 569 1280 649; baseline 0.006 -17"><span class='ocrx_word' id='word_1_4' title='bbox 228 576 409 646; x_wconf 89' lang='lat' dir='ltr'><strong>terrarum,</strong></span> <span class='ocrx_word' id='word_1_5' title='bbox 423 569 458 632; x_wconf 94' lang='lat' dir='ltr'><strong>id</strong></span> <span class='ocrx_word' id='word_1_6' title='bbox 472 577 526 634; x_wconf 91' lang='lat' dir='ltr'><strong>est</strong></span> <span class='ocrx_word' id='word_1_7' title='bbox 542 587 683 634; x_wconf 84' lang='lat' dir='ltr'><strong>xxxur.</strong></span> <span class='ocrx_word' id='word_1_8' title='bbox 704 578 931 649; x_wconf 84' lang='lat' dir='ltr'><strong>cassatorum,</strong></span> <span class='ocrx_word' id='word_1_9' title='bbox 945 572 982 635; x_wconf 93' lang='lat' dir='ltr'><strong>in</strong></span> <span class='ocrx_word' id='word_1_10' title='bbox 1003 574 1058 636; x_wconf 89' lang='lat' dir='ltr'><strong>ius</strong></span> <span class='ocrx_word' id='word_1_11' title='bbox 1078 575 1280 639; x_wconf 87' lang='lat' dir='ltr'><strong>aecclesias-</strong></span> 
     </span>
     <span class='ocr_line' id='line_1_3' title="bbox 229 669 1279 754; baseline 0.006 -22"><span class='ocrx_word' id='word_1_12' title='bbox 229 670 318 733; x_wconf 89' lang='lat' dir='ltr'><strong>ticae</strong></span> <span class='ocrx_word' id='word_1_13' title='bbox 348 670 518 734; x_wconf 84' lang='lat' dir='ltr'>libertatis</span> <span class='ocrx_word' id='word_1_14' title='bbox 544 669 796 752; x_wconf 85' lang='lat' dir='ltr'><strong>Uuigorncnsis</strong></span> <span class='ocrx_word' id='word_1_15' title='bbox 826 671 966 754; x_wconf 79' lang='lat' dir='ltr'><strong>largior,</strong></span> <span class='ocrx_word' id='word_1_16' title='bbox 1000 679 1058 736; x_wconf 88' lang='lat' dir='ltr'><strong>aet</strong></span> <span class='ocrx_word' id='word_1_17' title='bbox 1085 673 1279 754; x_wconf 79' lang='lat' dir='ltr'><strong>Scottarib;</strong></span> 
     </span>
     <span class='ocr_line' id='line_1_4' title="bbox 230 769 1282 856; baseline 0.007 -24"><span class='ocrx_word' id='word_1_18' title='bbox 230 789 332 851; x_wconf 93' lang='lat' dir='ltr'><strong>quem</strong></span> <span class='ocrx_word' id='word_1_19' title='bbox 347 777 463 856; x_wconf 85' lang='lat' dir='ltr'><strong>tamen</strong></span> <span class='ocrx_word' id='word_1_20' title='bbox 482 789 604 851; x_wconf 82' lang='lat' dir='ltr'><strong>agrum</strong></span> <span class='ocrx_word' id='word_1_21' title='bbox 629 770 747 847; x_wconf 83' lang='lat' dir='ltr'><strong>fluuio,</strong></span> <span class='ocrx_word' id='word_1_22' title='bbox 761 791 864 853; x_wconf 89' lang='lat' dir='ltr'><strong>quem</strong></span> <span class='ocrx_word' id='word_1_23' title='bbox 885 770 1006 835; x_wconf 92' lang='lat' dir='ltr'><strong>dicunt</strong></span> <span class='ocrx_word' id='word_1_24' title='bbox 1019 769 1124 851; x_wconf 88' lang='lat' dir='ltr'><strong>Ascn,</strong></span> <span class='ocrx_word' id='word_1_25' title='bbox 1145 781 1282 838; x_wconf 88' lang='lat' dir='ltr'><strong>constat</strong></span> 
     </span>
     <span class='ocr_line' id='line_1_5' title="bbox 231 868 1281 954; baseline 0.007 -23"><span class='ocrx_word' id='word_1_26' title='bbox 231 869 393 948; x_wconf 90' lang='lat' dir='ltr'><strong>interlui;</strong></span> <span class='ocrx_word' id='word_1_27' title='bbox 433 869 463 932; x_wconf 91' lang='lat' dir='ltr'><strong>is</strong></span> <span class='ocrx_word' id='word_1_28' title='bbox 493 868 629 934; x_wconf 91' lang='lat' dir='ltr'><strong>demum</strong></span> <span class='ocrx_word' id='word_1_29' title='bbox 659 870 865 952; x_wconf 81' lang='lat' dir='ltr'>subregulus</span> <span class='ocrx_word' id='word_1_30' title='bbox 891 888 945 935; x_wconf 90' lang='lat'><strong>111.</strong></span> <span class='ocrx_word' id='word_1_31' title='bbox 972 879 1096 954; x_wconf 84' lang='lat' dir='ltr'><strong>postea</strong></span> <span class='ocrx_word' id='word_1_32' title='bbox 1125 882 1281 938; x_wconf 85' lang='lat' dir='ltr'><strong>cassatos</strong></span> 
     </span>
     <span class='ocr_line' id='line_1_6' title="bbox 230 962 1280 1055; baseline 0.008 -25"><span class='ocrx_word' id='word_1_33' title='bbox 230 969 319 1031; x_wconf 88' lang='lat' dir='ltr'><strong>ruris</strong></span> <span class='ocrx_word' id='word_1_34' title='bbox 336 966 486 1033; x_wconf 87' lang='lat' dir='ltr'><strong>siluatici</strong></span> <span class='ocrx_word' id='word_1_35' title='bbox 499 969 678 1052; x_wconf 80' lang='lat' dir='ltr'><strong>largiendo</strong></span> <span class='ocrx_word' id='word_1_36' title='bbox 693 969 836 1047; x_wconf 84' lang='lat' dir='ltr'><strong>addidit,</strong></span> <span class='ocrx_word' id='word_1_37' title='bbox 848 962 907 1034; x_wconf 75' lang='lat' dir='ltr'><strong>a&#39;et</strong></span> <span class='ocrx_word' id='word_1_38' title='bbox 922 969 1155 1055; x_wconf 87' lang='lat' dir='ltr'><strong>Hnutbyrstc.</strong></span> <span class='ocrx_word' id='word_1_39' title='bbox 1196 972 1280 1038; x_wconf 86' lang='lat' dir='ltr'><strong>Istis</strong></span> 
     </span>
     <span class='ocr_line' id='line_1_7' title="bbox 231 1065 1281 1154; baseline 0.004 -22"><span class='ocrx_word' id='word_1_40' title='bbox 231 1069 386 1133; x_wconf 88' lang='lat' dir='ltr'><strong>terminis</strong></span> <span class='ocrx_word' id='word_1_41' title='bbox 399 1065 593 1151; x_wconf 86' lang='lat' dir='ltr'><strong>praefatum</strong></span> <span class='ocrx_word' id='word_1_42' title='bbox 607 1089 667 1133; x_wconf 88' lang='lat' dir='ltr'><strong>rus</strong></span> <span class='ocrx_word' id='word_1_43' title='bbox 682 1069 843 1152; x_wconf 76' lang='lat' dir='ltr'>cingitur,</span> <span class='ocrx_word' id='word_1_44' title='bbox 865 1071 902 1134; x_wconf 92' lang='lat' dir='ltr'><strong>in</strong></span> <span class='ocrx_word' id='word_1_45' title='bbox 924 1071 1044 1154; x_wconf 88' lang='lat' dir='ltr'><strong>primis</strong></span> <span class='ocrx_word' id='word_1_46' title='bbox 1059 1072 1281 1154; x_wconf 83' lang='lat' dir='ltr'><strong>Balgandun,</strong></span> 
     </span>
     <span class='ocr_line' id='line_1_8' title="bbox 231 1176 297 1232; baseline 0.03 -2"><span class='ocrx_word' id='word_1_47' title='bbox 231 1176 297 1232; x_wconf 86' lang='lat' dir='ltr'><strong>etc.</strong></span> 
     </span>
    </p>

    <p class='ocr_par' dir='ltr' id='par_1_3' title="bbox 231 1266 1282 1650">
     <span class='ocr_line' id='line_1_9' title="bbox 283 1266 1281 1352; baseline 0.005 -21"><span class='ocrx_word' id='word_1_48' title='bbox 283 1266 427 1332; x_wconf 91' lang='lat' dir='ltr'><strong>Addidit</strong></span> <span class='ocrx_word' id='word_1_49' title='bbox 453 1269 558 1333; x_wconf 89' lang='lat' dir='ltr'><strong>etiam</strong></span> <span class='ocrx_word' id='word_1_50' title='bbox 581 1269 777 1352; x_wconf 89' lang='lat' dir='ltr'><strong>praedictus</strong></span> <span class='ocrx_word' id='word_1_51' title='bbox 801 1266 880 1332; x_wconf 77' lang='lat' dir='ltr'><strong>Offa</strong></span> <span class='ocrx_word' id='word_1_52' title='bbox 900 1285 954 1333; x_wconf 86' lang='lat'><strong>111.</strong></span> <span class='ocrx_word' id='word_1_53' title='bbox 970 1278 1126 1334; x_wconf 87' lang='lat' dir='ltr'><strong>cassatos</strong></span> <span class='ocrx_word' id='word_1_54' title='bbox 1151 1271 1188 1334; x_wconf 92' lang='lat' dir='ltr'><strong>in</strong></span> <span class='ocrx_word' id='word_1_55' title='bbox 1211 1272 1281 1336; x_wconf 91' lang='lat' dir='ltr'><strong>alio</strong></span> 
     </span>
     <span class='ocr_line' id='line_1_10' title="bbox 231 1367 1281 1456; baseline 0.004 -26"><span class='ocrx_word' id='word_1_56' title='bbox 231 1368 306 1432; x_wconf 94' lang='lat' dir='ltr'><strong>loco</strong></span> <span class='ocrx_word' id='word_1_57' title='bbox 321 1368 470 1432; x_wconf 85' lang='lat' dir='ltr'><strong>siluatici</strong></span> <span class='ocrx_word' id='word_1_58' title='bbox 485 1370 585 1446; x_wconf 87' lang='lat' dir='ltr'><strong>ruris,</strong></span> <span class='ocrx_word' id='word_1_59' title='bbox 601 1370 730 1456; x_wconf 84' lang='lat' dir='ltr'><strong>usitato</strong></span> <span class='ocrx_word' id='word_1_60' title='bbox 749 1369 887 1433; x_wconf 88' lang='lat' dir='ltr'><strong>nomine</strong></span> <span class='ocrx_word' id='word_1_61' title='bbox 902 1367 1133 1452; x_wconf 86' lang='lat' dir='ltr'><strong>Hellerelcge,</strong></span> <span class='ocrx_word' id='word_1_62' title='bbox 1148 1389 1212 1452; x_wconf 89' lang='lat' dir='ltr'><strong>pro</strong></span> <span class='ocrx_word' id='word_1_63' title='bbox 1227 1391 1281 1435; x_wconf 89' lang='lat' dir='ltr'><strong>re-</strong></span> 
     </span>
     <span class='ocr_line' id='line_1_11' title="bbox 232 1467 1282 1552; baseline 0.004 -23"><span class='ocrx_word' id='word_1_64' title='bbox 232 1467 344 1531; x_wconf 91' lang='lat' dir='ltr'><strong>medio</strong></span> <span class='ocrx_word' id='word_1_65' title='bbox 370 1487 453 1531; x_wconf 88' lang='lat' dir='ltr'><strong>suae</strong></span> <span class='ocrx_word' id='word_1_66' title='bbox 476 1470 610 1532; x_wconf 87' lang='lat' dir='ltr'><strong>animae</strong></span> <span class='ocrx_word' id='word_1_67' title='bbox 631 1470 668 1532; x_wconf 96' lang='lat' dir='ltr'><strong>in</strong></span> <span class='ocrx_word' id='word_1_68' title='bbox 687 1469 829 1533; x_wconf 88' lang='lat' dir='ltr'><strong>ciuitate</strong></span> <span class='ocrx_word' id='word_1_69' title='bbox 845 1469 1112 1552; x_wconf 82' lang='lat' dir='ltr'><strong>Uuegornensi:</strong></span> <span class='ocrx_word' id='word_1_70' title='bbox 1138 1471 1192 1533; x_wconf 89' lang='lat' dir='ltr'><strong>bis</strong></span> <span class='ocrx_word' id='word_1_71' title='bbox 1212 1479 1282 1535; x_wconf 86' lang='lat' dir='ltr'><strong>ter·</strong></span> 
     </span>
     <span class='ocr_line' id='line_1_12' title="bbox 232 1568 592 1650; baseline 0.006 -20"><span class='ocrx_word' id='word_1_72' title='bbox 232 1568 333 1630; x_wconf 88' lang='lat' dir='ltr'><strong>minis</strong></span> <span class='ocrx_word' id='word_1_73' title='bbox 348 1569 511 1650; x_wconf 85' lang='lat' dir='ltr'><strong>cingitur,</strong></span> <span class='ocrx_word' id='word_1_74' title='bbox 526 1576 592 1632; x_wconf 92' lang='lat' dir='ltr'><strong>etc.</strong></span> 
     </span>
    </p>

    <p class='ocr_par' dir='ltr' id='par_1_4' title="bbox 286 1667 1280 1752">
     <span class='ocr_line' id='line_1_13' title="bbox 286 1667 1280 1752; baseline 0.001 -21"><span class='ocrx_word' id='word_1_75' title='bbox 286 1669 326 1748; x_wconf 99' lang='grc'><strong>»14</strong></span> <span class='ocrx_word' id='word_1_76' title='bbox 341 1667 417 1750; x_wconf 87' lang='lat' dir='ltr'><strong>Ego</strong></span> <span class='ocrx_word' id='word_1_77' title='bbox 432 1667 511 1732; x_wconf 89' lang='lat' dir='ltr'><strong>Offa</strong></span> <span class='ocrx_word' id='word_1_78' title='bbox 526 1687 600 1732; x_wconf 87' lang='lat' dir='ltr'><strong>rex.</strong></span> <span class='ocrx_word' id='word_1_79' title='bbox 761 1669 801 1748; x_wconf 99' lang='grc'><strong>»14</strong></span> <span class='ocrx_word' id='word_1_80' title='bbox 817 1668 892 1750; x_wconf 82' lang='lat' dir='ltr'><strong>Ego</strong></span> <span class='ocrx_word' id='word_1_81' title='bbox 904 1668 1077 1750; x_wconf 81' lang='lat' dir='ltr'><strong>Ecguuini</strong></span> <span class='ocrx_word' id='word_1_82' title='bbox 1087 1670 1280 1752; x_wconf 87' lang='lat' dir='ltr'><strong>episcopus.</strong></span> 
     </span>
    </p>

    <p class='ocr_par' dir='ltr' id='par_1_5' title="bbox 286 1765 1156 1851">
     <span class='ocr_line' id='line_1_14' title="bbox 286 1765 1156 1851; baseline 0.003 -21"><span class='ocrx_word' id='word_1_83' title='bbox 286 1768 326 1847; x_wconf 99' lang='grc'><strong>»14</strong></span> <span class='ocrx_word' id='word_1_84' title='bbox 342 1767 417 1850; x_wconf 81' lang='lat' dir='ltr'><strong>Ego</strong></span> <span class='ocrx_word' id='word_1_85' title='bbox 433 1765 683 1833; x_wconf 84' lang='lat' dir='ltr'><strong>Aetheluuard.</strong></span> <span class='ocrx_word' id='word_1_86' title='bbox 765 1769 805 1848; x_wconf 99' lang='grc'><strong>»14</strong></span> <span class='ocrx_word' id='word_1_87' title='bbox 820 1767 896 1851; x_wconf 82' lang='lat' dir='ltr'><strong>Ego</strong></span> <span class='ocrx_word' id='word_1_88' title='bbox 911 1766 1156 1834; x_wconf 83' lang='lat' dir='ltr'><strong>Acthelmund.</strong></span> 
     </span>
    </p>

    <p class='ocr_par' dir='ltr' id='par_1_6' title="bbox 287 1865 1099 1949">
     <span class='ocr_line' id='line_1_15' title="bbox 287 1865 1099 1949; baseline 0.004 -19"><span class='ocrx_word' id='word_1_89' title='bbox 287 1868 326 1947; x_wconf 95' lang='grc'><strong>»14</strong></span> <span class='ocrx_word' id='word_1_90' title='bbox 341 1867 419 1948; x_wconf 80' lang='lat' dir='ltr'><strong>Ego</strong></span> <span class='ocrx_word' id='word_1_91' title='bbox 432 1865 671 1932; x_wconf 81' lang='lat' dir='ltr'><strong>Aethelberlrt.</strong></span> <span class='ocrx_word' id='word_1_92' title='bbox 762 1869 803 1948; x_wconf 94' lang='grc'><strong>»14</strong></span> <span class='ocrx_word' id='word_1_93' title='bbox 819 1867 894 1949; x_wconf 75' lang='lat' dir='ltr'><strong>Ego</strong></span> <span class='ocrx_word' id='word_1_94' title='bbox 910 1866 1099 1933; x_wconf 85' lang='lat' dir='ltr'><strong>Aethcln&#39;c.</strong></span> 
     </span>
    </p>
   </div>
   <div class='ocr_carea' id='block_1_3' title="bbox 229 2059 1286 4033">
    <p class='ocr_par' dir='ltr' id='par_1_7' title="bbox 229 2059 1284 2230">
     <span class='ocr_line' id='line_1_16' title="bbox 278 2059 1284 2144; baseline 0.002 -24"><span class='ocrx_word' id='word_1_95' title='bbox 278 2059 507 2144; x_wconf 75' lang='lat' dir='ltr'><strong>Tbeflrllowinq</strong></span> <span class='ocrx_word' id='word_1_96' title='bbox 517 2081 599 2144; x_wconf 79' lang='lat' dir='ltr'><strong>copy,</strong></span> <span class='ocrx_word' id='word_1_97' title='bbox 615 2059 788 2142; x_wconf 66' lang='lat' dir='ltr'><strong>containing</strong></span> <span class='ocrx_word' id='word_1_98' title='bbox 802 2079 880 2121; x_wconf 78' lang='lat' dir='ltr'><strong>sorae</strong></span> <span class='ocrx_word' id='word_1_99' title='bbox 891 2060 1056 2141; x_wconf 82' lang='lat' dir='ltr'><strong>important</strong></span> <span class='ocrx_word' id='word_1_100' title='bbox 1069 2061 1245 2136; x_wconf 75' lang='lat' dir='ltr'><strong>caristiam,</strong></span> <span class='ocrx_word' id='word_1_101' title='bbox 1257 2062 1284 2122; x_wconf 82' lang='lat' dir='ltr'><strong>ir</strong></span> 
     </span>
     <span class='ocr_line' id='line_1_17' title="bbox 229 2145 528 2230; baseline -0.003 -23"><span class='ocrx_word' id='word_1_102' title='bbox 229 2147 317 2230; x_wconf 74' lang='lat' dir='ltr'><strong>picen</strong></span> <span class='ocrx_word' id='word_1_103' title='bbox 333 2147 371 2230; x_wconf 73' lang='lat' dir='ltr'><strong>by</strong></span> <span class='ocrx_word' id='word_1_104' title='bbox 386 2145 528 2230; x_wconf 74' lang='lat' dir='ltr'><strong>Hemirrq.</strong></span> 
     </span>
    </p>

    <p class='ocr_par' dir='ltr' id='par_1_8' title="bbox 233 2251 1286 3330">
     <span class='ocr_line' id='line_1_18' title="bbox 288 2251 1284 2337; baseline -0.001 -18"><span class='ocrx_word' id='word_1_105' title='bbox 288 2258 327 2337; x_wconf 97' lang='grc'><strong>»14</strong></span> <span class='ocrx_word' id='word_1_106' title='bbox 343 2256 549 2319; x_wconf 75' lang='lat' dir='ltr'><strong>Rucunnrn</strong></span> <span class='ocrx_word' id='word_1_107' title='bbox 562 2255 600 2317; x_wconf 88' lang='lat' dir='ltr'><strong>in</strong></span> <span class='ocrx_word' id='word_1_108' title='bbox 615 2261 819 2335; x_wconf 86' lang='lat' dir='ltr'><strong>perpetuum</strong></span> <span class='ocrx_word' id='word_1_109' title='bbox 837 2251 976 2317; x_wconf 91' lang='lat' dir='ltr'><strong>domino</strong></span> <span class='ocrx_word' id='word_1_110' title='bbox 989 2253 1195 2317; x_wconf 86' lang='lat' dir='ltr'><strong>uniuersalis</strong></span> <span class='ocrx_word' id='word_1_111' title='bbox 1211 2274 1284 2318; x_wconf 85' lang='lat' dir='ltr'><strong>cra·</strong></span> 
     </span>
     <span class='ocr_line' id='line_1_19' title="bbox 234 2351 1284 2435; baseline -0.003 -15"><span class='ocrx_word' id='word_1_112' title='bbox 234 2357 349 2420; x_wconf 88' lang='lat' dir='ltr'><strong>atore!</strong></span> <span class='ocrx_word' id='word_1_113' title='bbox 403 2354 480 2435; x_wconf 85' lang='lat' dir='ltr'><strong>Ego</strong></span> <span class='ocrx_word' id='word_1_114' title='bbox 512 2351 592 2417; x_wconf 78' lang='lat' dir='ltr'><strong>offa</strong></span> <span class='ocrx_word' id='word_1_115' title='bbox 629 2371 693 2415; x_wconf 87' lang='lat' dir='ltr'><strong>rex</strong></span> <span class='ocrx_word' id='word_1_116' title='bbox 722 2351 943 2428; x_wconf 81' lang='lat' dir='ltr'><strong>Marciorum,</strong></span> <span class='ocrx_word' id='word_1_117' title='bbox 972 2351 1124 2434; x_wconf 85' lang='lat' dir='ltr'><strong>aliquam</strong></span> <span class='ocrx_word' id='word_1_118' title='bbox 1150 2361 1284 2434; x_wconf 87' lang='lat' dir='ltr'><strong>partem</strong></span> 
     </span>
     <span class='ocr_line' id='line_1_20' title="bbox 234 2451 1284 2530; baseline 0 -13"><span class='ocrx_word' id='word_1_119' title='bbox 234 2463 359 2530; x_wconf 86' lang='lat' dir='ltr'><strong>terrae,</strong></span> <span class='ocrx_word' id='word_1_120' title='bbox 372 2454 406 2516; x_wconf 96' lang='lat' dir='ltr'><strong>id</strong></span> <span class='ocrx_word' id='word_1_121' title='bbox 431 2461 484 2516; x_wconf 91' lang='lat' dir='ltr'><strong>cst</strong></span> <span class='ocrx_word' id='word_1_122' title='bbox 503 2468 645 2515; x_wconf 83' lang='lat' dir='ltr'><strong>xxxm.</strong></span> <span class='ocrx_word' id='word_1_123' title='bbox 661 2458 887 2527; x_wconf 88' lang='lat' dir='ltr'><strong>cassatorum,</strong></span> <span class='ocrx_word' id='word_1_124' title='bbox 901 2451 939 2512; x_wconf 94' lang='lat' dir='ltr'><strong>in</strong></span> <span class='ocrx_word' id='word_1_125' title='bbox 960 2451 1015 2512; x_wconf 87' lang='lat' dir='ltr'><strong>ius</strong></span> <span class='ocrx_word' id='word_1_126' title='bbox 1031 2452 1284 2517; x_wconf 87' lang='lat' dir='ltr'><strong>ecclesiasticae</strong></span> 
     </span>
     <span class='ocr_line' id='line_1_21' title="bbox 234 2549 1283 2635; baseline -0.002 -17"><span class='ocrx_word' id='word_1_127' title='bbox 234 2555 403 2618; x_wconf 82' lang='lat' dir='ltr'><strong>libertatis</strong></span> <span class='ocrx_word' id='word_1_128' title='bbox 426 2551 654 2635; x_wconf 85' lang='lat' dir='ltr'><strong>possessionis</strong></span> <span class='ocrx_word' id='word_1_129' title='bbox 677 2549 879 2626; x_wconf 85' lang='lat' dir='ltr'><strong>concedens,</strong></span> <span class='ocrx_word' id='word_1_130' title='bbox 895 2549 1119 2614; x_wconf 84' lang='lat' dir='ltr'><strong>libentissime</strong></span> <span class='ocrx_word' id='word_1_131' title='bbox 1135 2551 1283 2631; x_wconf 79' lang='lat' dir='ltr'><strong>largior:</strong></span> 
     </span>
     <span class='ocr_line' id='line_1_22' title="bbox 234 2649 1286 2733; baseline -0.002 -15"><span class='ocrx_word' id='word_1_132' title='bbox 234 2653 387 2718; x_wconf 88' lang='lat' dir='ltr'><strong>eiusdem</strong></span> <span class='ocrx_word' id='word_1_133' title='bbox 408 2673 491 2716; x_wconf 91' lang='lat' dir='ltr'><strong>uero</strong></span> <span class='ocrx_word' id='word_1_134' title='bbox 515 2651 619 2732; x_wconf 84' lang='lat' dir='ltr'><strong>agelli</strong></span> <span class='ocrx_word' id='word_1_135' title='bbox 640 2669 764 2714; x_wconf 90' lang='lat' dir='ltr'><strong>nomen</strong></span> <span class='ocrx_word' id='word_1_136' title='bbox 784 2656 838 2712; x_wconf 90' lang='lat' dir='ltr'><strong>est</strong></span> <span class='ocrx_word' id='word_1_137' title='bbox 852 2649 1031 2727; x_wconf 89' lang='lat' dir='ltr'><strong>Scottarit,</strong></span> <span class='ocrx_word' id='word_1_138' title='bbox 1045 2669 1146 2733; x_wconf 88' lang='lat' dir='ltr'><strong>quem</strong></span> <span class='ocrx_word' id='word_1_139' title='bbox 1169 2659 1286 2716; x_wconf 88' lang='lat' dir='ltr'><strong>tamen</strong></span> 
     </span>
     <span class='ocr_line' id='line_1_23' title="bbox 235 2747 1285 2835; baseline -0.002 -19"><span class='ocrx_word' id='word_1_140' title='bbox 235 2774 357 2835; x_wconf 85' lang='lat' dir='ltr'><strong>agrum</strong></span> <span class='ocrx_word' id='word_1_141' title='bbox 380 2753 498 2829; x_wconf 90' lang='lat' dir='ltr'><strong>fluuio,</strong></span> <span class='ocrx_word' id='word_1_142' title='bbox 521 2769 632 2834; x_wconf 85' lang='lat' dir='ltr'><strong>quem·</strong></span> <span class='ocrx_word' id='word_1_143' title='bbox 642 2750 762 2813; x_wconf 92' lang='lat' dir='ltr'><strong>dicunt</strong></span> <span class='ocrx_word' id='word_1_144' title='bbox 775 2747 881 2826; x_wconf 82' lang='lat' dir='ltr'><strong>Aion,</strong></span> <span class='ocrx_word' id='word_1_145' title='bbox 895 2757 1032 2814; x_wconf 88' lang='lat' dir='ltr'><strong>constat</strong></span> <span class='ocrx_word' id='word_1_146' title='bbox 1054 2751 1215 2831; x_wconf 89' lang='lat' dir='ltr'><strong>interlui;</strong></span> <span class='ocrx_word' id='word_1_147' title='bbox 1237 2752 1285 2814; x_wconf 90' lang='lat' dir='ltr'><strong>is-</strong></span> 
     </span>
     <span class='ocr_line' id='line_1_24' title="bbox 234 2851 1285 2934; baseline -0.001 -17"><span class='ocrx_word' id='word_1_148' title='bbox 234 2853 312 2917; x_wconf 92' lang='lat' dir='ltr'><strong>dem</strong></span> <span class='ocrx_word' id='word_1_149' title='bbox 327 2874 409 2917; x_wconf 91' lang='lat' dir='ltr'><strong>uero</strong></span> <span class='ocrx_word' id='word_1_150' title='bbox 423 2851 628 2934; x_wconf 81' lang='lat' dir='ltr'><strong>subregulus</strong></span> <span class='ocrx_word' id='word_1_151' title='bbox 650 2857 721 2913; x_wconf 88' lang='lat' dir='ltr'><strong>tres</strong></span> <span class='ocrx_word' id='word_1_152' title='bbox 743 2857 866 2932; x_wconf 84' lang='lat' dir='ltr'><strong>postea</strong></span> <span class='ocrx_word' id='word_1_153' title='bbox 887 2858 1042 2914; x_wconf 87' lang='lat' dir='ltr'><strong>cassatos</strong></span> <span class='ocrx_word' id='word_1_154' title='bbox 1062 2852 1150 2914; x_wconf 87' lang='lat' dir='ltr'><strong>ruris</strong></span> <span class='ocrx_word' id='word_1_155' title='bbox 1164 2853 1202 2914; x_wconf 92' lang='lat' dir='ltr'><strong>in</strong></span> <span class='ocrx_word' id='word_1_156' title='bbox 1216 2852 1285 2916; x_wconf 82' lang='lat' dir='ltr'><strong>alio</strong></span> 
     </span>
     <span class='ocr_line' id='line_1_25' title="bbox 233 2949 1285 3034; baseline -0.002 -16"><span class='ocrx_word' id='word_1_157' title='bbox 233 2955 310 3018; x_wconf 92' lang='lat' dir='ltr'><strong>loco</strong></span> <span class='ocrx_word' id='word_1_158' title='bbox 325 2953 475 3017; x_wconf 88' lang='lat' dir='ltr'><strong>siluatici</strong></span> <span class='ocrx_word' id='word_1_159' title='bbox 490 2950 671 3034; x_wconf 84' lang='lat' dir='ltr'><strong>largiendo</strong></span> <span class='ocrx_word' id='word_1_160' title='bbox 685 2957 830 3032; x_wconf 83' lang='lat' dir='ltr'><strong>rogatus</strong></span> <span class='ocrx_word' id='word_1_161' title='bbox 844 2949 987 3027; x_wconf 84' lang='lat' dir='ltr'><strong>addidit,</strong></span> <span class='ocrx_word' id='word_1_162' title='bbox 1002 2951 1132 3015; x_wconf 88' lang='lat' dir='ltr'><strong>usitato</strong></span> <span class='ocrx_word' id='word_1_163' title='bbox 1147 2951 1285 3016; x_wconf 84' lang='lat' dir='ltr'><strong>nomine</strong></span> 
     </span>
     <span class='ocr_line' id='line_1_26' title="bbox 236 3051 1285 3134; baseline -0.001 -18"><span class='ocrx_word' id='word_1_164' title='bbox 236 3054 468 3134; x_wconf 80' lang='lat' dir='ltr'><strong>Hellerclegc&#39;.</strong></span> <span class='ocrx_word' id='word_1_165' title='bbox 492 3052 574 3117; x_wconf 94' lang='lat' dir='ltr'><strong>Hoc</strong></span> <span class='ocrx_word' id='word_1_166' title='bbox 587 3051 733 3132; x_wconf 83' lang='lat' dir='ltr'><strong>largitus</strong></span> <span class='ocrx_word' id='word_1_167' title='bbox 748 3069 825 3113; x_wconf 91' lang='lat' dir='ltr'><strong>sum</strong></span> <span class='ocrx_word' id='word_1_168' title='bbox 842 3069 905 3132; x_wconf 90' lang='lat' dir='ltr'><strong>pro</strong></span> <span class='ocrx_word' id='word_1_169' title='bbox 924 3051 1060 3114; x_wconf 83' lang='lat' dir='ltr'><strong>animae</strong></span> <span class='ocrx_word' id='word_1_170' title='bbox 1074 3070 1171 3115; x_wconf 88' lang='lat' dir='ltr'><strong>meae</strong></span> <span class='ocrx_word' id='word_1_171' title='bbox 1185 3053 1222 3114; x_wconf 89' lang='lat' dir='ltr'><strong>in</strong></span> <span class='ocrx_word' id='word_1_172' title='bbox 1236 3053 1285 3116; x_wconf 82' lang='lat' dir='ltr'><strong>ci·</strong></span> 
     </span>
     <span class='ocr_line' id='line_1_27' title="bbox 236 3149 1286 3235; baseline 0 -18"><span class='ocrx_word' id='word_1_173' title='bbox 236 3155 345 3217; x_wconf 77' lang='lat' dir='ltr'><strong>uitale</strong></span> <span class='ocrx_word' id='word_1_174' title='bbox 361 3152 640 3235; x_wconf 84' lang='lat' dir='ltr'><strong>Uueogemensis</strong></span> <span class='ocrx_word' id='word_1_175' title='bbox 653 3151 839 3215; x_wconf 85' lang='lat' dir='ltr'><strong>aecclesiae</strong></span> <span class='ocrx_word' id='word_1_176' title='bbox 858 3149 926 3213; x_wconf 89' lang='lat' dir='ltr'><strong>dici</strong></span> <span class='ocrx_word' id='word_1_177' title='bbox 940 3151 1039 3214; x_wconf 89' lang='lat' dir='ltr'><strong>solet.</strong></span> <span class='ocrx_word' id='word_1_178' title='bbox 1071 3150 1154 3216; x_wconf 85' lang='lat' dir='ltr'><strong>Istis</strong></span> <span class='ocrx_word' id='word_1_179' title='bbox 1168 3153 1286 3217; x_wconf 79' lang='lat' dir='ltr'><strong>termi-</strong></span> 
     </span>
     <span class='ocr_line' id='line_1_28' title="bbox 236 3255 431 3330; baseline -0.01 -12"><span class='ocrx_word' id='word_1_180' title='bbox 236 3255 350 3330; x_wconf 88' lang='lat' dir='ltr'><strong>nibus,</strong></span> <span class='ocrx_word' id='word_1_181' title='bbox 365 3260 431 3317; x_wconf 91' lang='lat' dir='ltr'><strong>etc.</strong></span> 
     </span>
    </p>

    <p class='ocr_par' dir='ltr' id='par_1_9' title="bbox 292 3349 1284 3435">
     <span class='ocr_line' id='line_1_29' title="bbox 292 3349 1284 3435; baseline -0.002 -19"><span class='ocrx_word' id='word_1_182' title='bbox 292 3356 331 3435; x_wconf 95' lang='grc'><strong>»14</strong></span> <span class='ocrx_word' id='word_1_183' title='bbox 347 3353 423 3435; x_wconf 83' lang='lat' dir='ltr'><strong>Ego</strong></span> <span class='ocrx_word' id='word_1_184' title='bbox 439 3351 529 3429; x_wconf 86' lang='lat' dir='ltr'><strong>Offa,</strong></span> <span class='ocrx_word' id='word_1_185' title='bbox 544 3371 607 3415; x_wconf 85' lang='lat' dir='ltr'><strong>rex</strong></span> <span class='ocrx_word' id='word_1_186' title='bbox 623 3349 845 3427; x_wconf 84' lang='lat' dir='ltr'><strong>Marciorum,</strong></span> <span class='ocrx_word' id='word_1_187' title='bbox 860 3349 1020 3414; x_wconf 83' lang='lat' dir='ltr'><strong>consensi</strong></span> <span class='ocrx_word' id='word_1_188' title='bbox 1034 3356 1070 3413; x_wconf 88' lang='lat' dir='ltr'><strong>et</strong></span> <span class='ocrx_word' id='word_1_189' title='bbox 1086 3351 1284 3433; x_wconf 87' lang='lat' dir='ltr'><strong>subscripsi.</strong></span> 
     </span>
    </p>

    <p class='ocr_par' dir='ltr' id='par_1_10' title="bbox 291 3451 1241 3535">
     <span class='ocr_line' id='line_1_30' title="bbox 291 3451 1241 3535; baseline -0.003 -18"><span class='ocrx_word' id='word_1_190' title='bbox 291 3455 330 3534; x_wconf 95' lang='grc'><strong>»14</strong></span> <span class='ocrx_word' id='word_1_191' title='bbox 346 3453 422 3535; x_wconf 83' lang='lat' dir='ltr'><strong>Ego</strong></span> <span class='ocrx_word' id='word_1_192' title='bbox 438 3451 611 3534; x_wconf 81' lang='lat' dir='ltr'><strong>Ecguuini</strong></span> <span class='ocrx_word' id='word_1_193' title='bbox 623 3451 805 3532; x_wconf 90' lang='lat' dir='ltr'><strong>episcopus</strong></span> <span class='ocrx_word' id='word_1_194' title='bbox 820 3451 980 3513; x_wconf 88' lang='lat' dir='ltr'><strong>consensi</strong></span> <span class='ocrx_word' id='word_1_195' title='bbox 994 3456 1030 3512; x_wconf 91' lang='lat' dir='ltr'><strong>et</strong></span> <span class='ocrx_word' id='word_1_196' title='bbox 1042 3451 1241 3533; x_wconf 87' lang='lat' dir='ltr'><strong>subscripsi.</strong></span> 
     </span>
    </p>

    <p class='ocr_par' dir='ltr' id='par_1_11' title="bbox 237 3547 1286 3735">
     <span class='ocr_line' id='line_1_31' title="bbox 292 3547 1286 3635; baseline -0.003 -19"><span class='ocrx_word' id='word_1_197' title='bbox 292 3554 331 3633; x_wconf 95' lang='grc'><strong>»14</strong></span> <span class='ocrx_word' id='word_1_198' title='bbox 347 3553 423 3635; x_wconf 81' lang='lat' dir='ltr'><strong>Ego</strong></span> <span class='ocrx_word' id='word_1_199' title='bbox 439 3549 679 3616; x_wconf 82' lang='lat' dir='ltr'><strong>Aetbeluuard</strong></span> <span class='ocrx_word' id='word_1_200' title='bbox 701 3551 876 3632; x_wconf 89' lang='lat' dir='ltr'><strong>propriam</strong></span> <span class='ocrx_word' id='word_1_201' title='bbox 899 3547 1121 3612; x_wconf 87' lang='lat' dir='ltr'><strong>donationem</strong></span> <span class='ocrx_word' id='word_1_202' title='bbox 1145 3558 1181 3614; x_wconf 84' lang='lat' dir='ltr'><strong>ct</strong></span> <span class='ocrx_word' id='word_1_203' title='bbox 1203 3551 1286 3613; x_wconf 84' lang='lat' dir='ltr'><strong>sub·</strong></span> 
     </span>
     <span class='ocr_line' id='line_1_32' title="bbox 237 3653 380 3735; baseline -0.014 -18"><span class='ocrx_word' id='word_1_204' title='bbox 237 3653 380 3735; x_wconf 78' lang='lat' dir='ltr'><strong>scripsi.</strong></span> 
     </span>
    </p>

    <p class='ocr_par' dir='ltr' id='par_1_12' title="bbox 292 3747 1104 3833">
     <span class='ocr_line' id='line_1_33' title="bbox 292 3747 1104 3833; baseline -0.005 -17"><span class='ocrx_word' id='word_1_205' title='bbox 292 3754 332 3833; x_wconf 99' lang='grc'><strong>»14</strong></span> <span class='ocrx_word' id='word_1_206' title='bbox 346 3753 423 3833; x_wconf 79' lang='lat' dir='ltr'><strong>Ego</strong></span> <span class='ocrx_word' id='word_1_207' title='bbox 437 3748 672 3816; x_wconf 82' lang='lat' dir='ltr'><strong>Aethelmuud</strong></span> <span class='ocrx_word' id='word_1_208' title='bbox 685 3749 844 3813; x_wconf 91' lang='lat' dir='ltr'><strong>consensi</strong></span> <span class='ocrx_word' id='word_1_209' title='bbox 858 3756 894 3812; x_wconf 87' lang='lat' dir='ltr'><strong>et</strong></span> <span class='ocrx_word' id='word_1_210' title='bbox 906 3747 1104 3830; x_wconf 87' lang='lat' dir='ltr'><strong>subscripsi.</strong></span> 
     </span>
    </p>

    <p class='ocr_par' dir='ltr' id='par_1_13' title="bbox 241 3847 1102 3933">
     <span class='ocr_line' id='line_1_34' title="bbox 241 3847 1102 3933; baseline -0.003 -17"><span class='ocrx_word' id='word_1_211' title='bbox 241 3892 244 3896; x_wconf 93' lang='lat'>-</span> <span class='ocrx_word' id='word_1_212' title='bbox 293 3854 332 3933; x_wconf 95' lang='grc'><strong>»14</strong></span> <span class='ocrx_word' id='word_1_213' title='bbox 348 3852 424 3933; x_wconf 84' lang='lat' dir='ltr'><strong>Ego</strong></span> <span class='ocrx_word' id='word_1_214' title='bbox 439 3849 666 3916; x_wconf 86' lang='lat' dir='ltr'><strong>Aethelberht</strong></span> <span class='ocrx_word' id='word_1_215' title='bbox 679 3849 838 3914; x_wconf 86' lang='lat' dir='ltr'><strong>consensi</strong></span> <span class='ocrx_word' id='word_1_216' title='bbox 853 3857 889 3913; x_wconf 89' lang='lat' dir='ltr'><strong>et</strong></span> <span class='ocrx_word' id='word_1_217' title='bbox 903 3847 1102 3930; x_wconf 86' lang='lat' dir='ltr'><strong>subscripsi.</strong></span> 
     </span>
    </p>

    <p class='ocr_par' dir='ltr' id='par_1_14' title="bbox 293 3948 1050 4033">
     <span class='ocr_line' id='line_1_35' title="bbox 293 3948 1050 4033; baseline -0.007 -17"><span class='ocrx_word' id='word_1_218' title='bbox 293 3953 332 4032; x_wconf 95' lang='grc'><strong>»14</strong></span> <span class='ocrx_word' id='word_1_219' title='bbox 348 3952 424 4033; x_wconf 84' lang='lat' dir='ltr'><strong>Ego</strong></span> <span class='ocrx_word' id='word_1_220' title='bbox 438 3948 617 4016; x_wconf 78' lang='lat' dir='ltr'><strong>Aetbelric</strong></span> <span class='ocrx_word' id='word_1_221' title='bbox 631 3950 789 4014; x_wconf 87' lang='lat' dir='ltr'><strong>consensi</strong></span> <span class='ocrx_word' id='word_1_222' title='bbox 802 3957 839 4014; x_wconf 88' lang='lat' dir='ltr'><strong>et</strong></span> <span class='ocrx_word' id='word_1_223' title='bbox 852 3948 1050 4031; x_wconf 88' lang='lat' dir='ltr'><strong>subscripsi.</strong></span> 
     </span>
    </p>
   </div>
   <div class='ocr_carea' id='block_1_4' title="bbox 237 4071 1288 4251">
    <p class='ocr_par' dir='ltr' id='par_1_15' title="bbox 237 4071 1288 4251">
     <span class='ocr_line' id='line_1_36' title="bbox 283 4071 1288 4162; baseline -0.004 -21"><span class='ocrx_word' id='word_1_224' title='bbox 283 4077 314 4141; x_wconf 81' lang='lat' dir='ltr'><em>A</em></span> <span class='ocrx_word' id='word_1_225' title='bbox 329 4079 414 4141; x_wconf 76' lang='lat' dir='ltr'><strong>third</strong></span> <span class='ocrx_word' id='word_1_226' title='bbox 436 4101 510 4162; x_wconf 83' lang='lat' dir='ltr'><strong>copy</strong></span> <span class='ocrx_word' id='word_1_227' title='bbox 524 4079 557 4138; x_wconf 84' lang='lat' dir='ltr'><strong>in</strong></span> <span class='ocrx_word' id='word_1_228' title='bbox 573 4071 717 4158; x_wconf 75' lang='lat' dir='ltr'><strong>Heminq,</strong></span> <span class='ocrx_word' id='word_1_229' title='bbox 740 4073 851 4136; x_wconf 77' lang='lat' dir='ltr'><strong>besides</strong></span> <span class='ocrx_word' id='word_1_230' title='bbox 873 4093 951 4135; x_wconf 80' lang='lat' dir='ltr'><strong>rome</strong></span> <span class='ocrx_word' id='word_1_231' title='bbox 976 4074 1182 4156; x_wconf 80' lang='lat' dir='ltr'><strong>unimportcrat</strong></span> <span class='ocrx_word' id='word_1_232' title='bbox 1204 4075 1288 4137; x_wconf 74' lang='lat' dir='ltr'><strong>trari-</strong></span> 
     </span>
     <span class='ocr_line' id='line_1_37' title="bbox 237 4157 1226 4251; baseline -0.008 -23"><span class='ocrx_word' id='word_1_233' title='bbox 237 4169 344 4242; x_wconf 81' lang='lat' dir='ltr'><strong>ob‘ons,</strong></span> <span class='ocrx_word' id='word_1_234' title='bbox 357 4168 442 4251; x_wconf 74' lang='lat' dir='ltr'><strong>pices</strong></span> <span class='ocrx_word' id='word_1_235' title='bbox 456 4166 505 4228; x_wconf 79' lang='lat' dir='ltr'><strong>tire</strong></span> <span class='ocrx_word' id='word_1_236' title='bbox 518 4183 606 4226; x_wconf 82' lang='lat' dir='ltr'><strong>nome</strong></span> <span class='ocrx_word' id='word_1_237' title='bbox 619 4161 790 4245; x_wconf 67' lang='lat' dir='ltr'><strong>‹fauctber</strong></span> <span class='ocrx_word' id='word_1_238' title='bbox 803 4161 929 4235; x_wconf 69' lang='lat' dir='ltr'><strong>uitam,</strong></span> <span class='ocrx_word' id='word_1_239' title='bbox 946 4157 1091 4223; x_wconf 84' lang='lat' dir='ltr'><strong>Osuudu.</strong></span> <span class='ocrx_word' id='word_1_240' title='bbox 1214 4171 1226 4180; x_wconf 82' lang='grc'><strong>·’</strong></span> 
     </span>
    </p>
   </div>
   <div class='ocr_carea' id='block_1_5' title="bbox 0 0 1608 5032">
    <p class='ocr_par' dir='ltr' id='par_1_16' title="bbox 0 0 1608 5032">
     <span class='ocr_line' id='line_1_38' title="bbox 0 0 1608 5032; baseline 0 0"><span class='ocrx_word' id='word_1_241' title='bbox 0 0 1608 5032; x_wconf 95' lang='lat' dir='ltr'><strong> </strong></span> 
     </span>
    </p>
   </div>
  </div>
 </body>
</html>
