<?xml version="1.0" encoding="UTF-8"?>
<!DOCTYPE html PUBLIC "-//W3C//DTD XHTML 1.0 Transitional//EN"
    "http://www.w3.org/TR/xhtml1/DTD/xhtml1-transitional.dtd">
<html xmlns="http://www.w3.org/1999/xhtml" xml:lang="en" lang="en">
 <head>
  <title>
</title>
<meta http-equiv="Content-Type" content="text/html;charset=utf-8" />
  <meta name='ocr-system' content='tesseract 3.04.00' />
  <meta name='ocr-capabilities' content='ocr_page ocr_carea ocr_par ocr_line ocrx_word'/>
</head>
<body>
  <div class='ocr_page' id='page_1' title='image "./codexdiplomatic04kembgoog_0324.png"; bbox 0 0 3112 5032; ppageno 0'>
   <div class='ocr_carea' id='block_1_1' title="bbox 437 420 1230 488">
    <p class='ocr_par' dir='ltr' id='par_1_1' title="bbox 437 420 1230 488">
     <span class='ocr_line' id='line_1_1' title="bbox 437 420 1230 488; baseline 0.005 -4"><span class='ocrx_word' id='word_1_1' title='bbox 437 438 609 485; x_wconf 73' lang='lat' dir='ltr'>canarno</span> <span class='ocrx_word' id='word_1_2' title='bbox 631 437 972 486; x_wconf 73' lang='lat' dir='ltr'>nueuosnxourcnn.</span> <span class='ocrx_word' id='word_1_3' title='bbox 1165 420 1230 488; x_wconf 80' lang='lat'>173</span> 
     </span>
    </p>
   </div>
   <div class='ocr_carea' id='block_1_2' title="bbox 506 594 903 818">
    <p class='ocr_par' dir='ltr' id='par_1_2' title="bbox 506 594 903 818">
     <span class='ocr_line' id='line_1_2' title="bbox 612 594 793 660; baseline 0 -1"><span class='ocrx_word' id='word_1_4' title='bbox 612 594 793 660; x_wconf 83' lang='lat' dir='ltr'>cxmrr.</span> 
     </span>
     <span class='ocr_line' id='line_1_3' title="bbox 506 715 903 818; baseline 0.01 -15"><span class='ocrx_word' id='word_1_5' title='bbox 506 715 801 818; x_wconf 71' lang='lat' dir='ltr'>neruorum,</span> <span class='ocrx_word' id='word_1_6' title='bbox 826 741 903 808; x_wconf 84' lang='lat'>781.</span> 
     </span>
    </p>
   </div>
   <div class='ocr_carea' id='block_1_3' title="bbox 179 890 1253 4263">
    <p class='ocr_par' dir='ltr' id='par_1_3' title="bbox 179 890 1253 4263">
     <span class='ocr_line' id='line_1_4' title="bbox 234 890 1229 978; baseline 0.006 -24"><span class='ocrx_word' id='word_1_7' title='bbox 234 894 273 974; x_wconf 72' lang='lat'>›1‹</span> <span class='ocrx_word' id='word_1_8' title='bbox 290 890 337 955; x_wconf 79' lang='lat' dir='ltr'>IN</span> <span class='ocrx_word' id='word_1_9' title='bbox 368 890 506 954; x_wconf 90' lang='lat' dir='ltr'>nomine</span> <span class='ocrx_word' id='word_1_10' title='bbox 535 890 590 954; x_wconf 93' lang='lat' dir='ltr'>dei</span> <span class='ocrx_word' id='word_1_11' title='bbox 621 891 763 954; x_wconf 87' lang='lat' dir='ltr'>summi!</span> <span class='ocrx_word' id='word_1_12' title='bbox 816 890 989 973; x_wconf 82' lang='lat' dir='ltr'>Tempora</span> <span class='ocrx_word' id='word_1_13' title='bbox 1019 898 1229 978; x_wconf 85' lang='lat' dir='ltr'><strong>temporibus</strong></span> 
     </span>
     <span class='ocr_line' id='line_1_5' title="bbox 179 990 1228 1075; baseline 0.004 -19"><span class='ocrx_word' id='word_1_14' title='bbox 179 993 340 1068; x_wconf 90' lang='lat' dir='ltr'>subeunt,</span> <span class='ocrx_word' id='word_1_15' title='bbox 353 997 389 1055; x_wconf 91' lang='lat' dir='ltr'>et</span> <span class='ocrx_word' id='word_1_16' title='bbox 402 990 679 1054; x_wconf 89' lang='lat' dir='ltr'>uicissitudinum</span> <span class='ocrx_word' id='word_1_17' title='bbox 693 990 816 1072; x_wconf 88' lang='lat' dir='ltr'>spatiis</span> <span class='ocrx_word' id='word_1_18' title='bbox 835 992 962 1068; x_wconf 88' lang='lat' dir='ltr'>euenit,</span> <span class='ocrx_word' id='word_1_19' title='bbox 977 999 1017 1057; x_wconf 90' lang='lat' dir='ltr'>ut</span> <span class='ocrx_word' id='word_1_20' title='bbox 1031 994 1146 1075; x_wconf 89' lang='lat' dir='ltr'>prisca</span> <span class='ocrx_word' id='word_1_21' title='bbox 1160 997 1228 1060; x_wconf 90' lang='lat' dir='ltr'>iam</span> 
     </span>
     <span class='ocr_line' id='line_1_6' title="bbox 180 1089 1231 1172; baseline 0.006 -17"><span class='ocrx_word' id='word_1_22' title='bbox 180 1092 274 1156; x_wconf 89' lang='lat' dir='ltr'>dicta</span> <span class='ocrx_word' id='word_1_23' title='bbox 301 1092 407 1154; x_wconf 87' lang='lat' dir='ltr'>inrita</span> <span class='ocrx_word' id='word_1_24' title='bbox 436 1090 521 1154; x_wconf 86' lang='lat' dir='ltr'>fiant</span> <span class='ocrx_word' id='word_1_25' title='bbox 549 1090 615 1153; x_wconf 91' lang='lat' dir='ltr'>nisi</span> <span class='ocrx_word' id='word_1_26' title='bbox 642 1089 780 1172; x_wconf 89' lang='lat' dir='ltr'>scriptis</span> <span class='ocrx_word' id='word_1_27' title='bbox 810 1091 1059 1157; x_wconf 88' lang='lat' dir='ltr'>confirmemur.</span> <span class='ocrx_word' id='word_1_28' title='bbox 1113 1093 1231 1172; x_wconf 85' lang='lat' dir='ltr'>Quare</span> 
     </span>
     <span class='ocr_line' id='line_1_7' title="bbox 180 1189 1231 1272; baseline 0.003 -16"><span class='ocrx_word' id='word_1_29' title='bbox 180 1211 246 1272; x_wconf 80' lang='lat' dir='ltr'>ego</span> <span class='ocrx_word' id='word_1_30' title='bbox 258 1189 494 1266; x_wconf 67' lang='lat' dir='ltr'>Headoredus,</span> <span class='ocrx_word' id='word_1_31' title='bbox 510 1189 575 1254; x_wconf 90' lang='lat' dir='ltr'>deo</span> <span class='ocrx_word' id='word_1_32' title='bbox 597 1189 819 1272; x_wconf 82' lang='lat' dir='ltr'>dispensante</span> <span class='ocrx_word' id='word_1_33' title='bbox 839 1190 987 1272; x_wconf 87' lang='lat' dir='ltr'>supplex</span> <span class='ocrx_word' id='word_1_34' title='bbox 1005 1191 1231 1258; x_wconf 87' lang='lat' dir='ltr'>Huicciorum</span> 
     </span>
     <span class='ocr_line' id='line_1_8' title="bbox 181 1290 1232 1375; baseline 0.003 -19"><span class='ocrx_word' id='word_1_35' title='bbox 181 1291 375 1375; x_wconf 69' lang='lat' dir='ltr'>episcopus</span> <span class='ocrx_word' id='word_1_36' title='bbox 394 1290 535 1353; x_wconf 88' lang='lat' dir='ltr'>insimul</span> <span class='ocrx_word' id='word_1_37' title='bbox 557 1290 659 1354; x_wconf 91' lang='lat' dir='ltr'>etiam</span> <span class='ocrx_word' id='word_1_38' title='bbox 682 1310 760 1354; x_wconf 91' lang='lat' dir='ltr'>cum</span> <span class='ocrx_word' id='word_1_39' title='bbox 780 1307 950 1353; x_wconf 89' lang='lat' dir='ltr'>consensu</span> <span class='ocrx_word' id='word_1_40' title='bbox 964 1292 1156 1357; x_wconf 87' lang='lat' dir='ltr'>etconsilio</span> <span class='ocrx_word' id='word_1_41' title='bbox 1178 1302 1232 1359; x_wconf 90' lang='lat' dir='ltr'>to-</span> 
     </span>
     <span class='ocr_line' id='line_1_9' title="bbox 182 1388 1232 1470; baseline 0.002 -14"><span class='ocrx_word' id='word_1_42' title='bbox 182 1391 252 1458; x_wconf 84' lang='lat' dir='ltr'>tius</span> <span class='ocrx_word' id='word_1_43' title='bbox 267 1388 417 1454; x_wconf 86' lang='lat' dir='ltr'>familiae</span> <span class='ocrx_word' id='word_1_44' title='bbox 438 1409 536 1453; x_wconf 91' lang='lat' dir='ltr'>meae</span> <span class='ocrx_word' id='word_1_45' title='bbox 552 1398 709 1470; x_wconf 86' lang='lat' dir='ltr'>quaeest</span> <span class='ocrx_word' id='word_1_46' title='bbox 729 1391 765 1453; x_wconf 92' lang='lat' dir='ltr'>in</span> <span class='ocrx_word' id='word_1_47' title='bbox 784 1388 970 1470; x_wconf 82' lang='lat' dir='ltr'>Uuegerna</span> <span class='ocrx_word' id='word_1_48' title='bbox 991 1391 1133 1457; x_wconf 89' lang='lat' dir='ltr'>ciuitate</span> <span class='ocrx_word' id='word_1_49' title='bbox 1150 1413 1232 1458; x_wconf 84' lang='lat' dir='ltr'>con-</span> 
     </span>
     <span class='ocr_line' id='line_1_10' title="bbox 182 1488 1234 1575; baseline 0.005 -22"><span class='ocrx_word' id='word_1_50' title='bbox 182 1491 316 1565; x_wconf 88' lang='lat' dir='ltr'>stituta‚</span> <span class='ocrx_word' id='word_1_51' title='bbox 331 1488 592 1570; x_wconf 80' lang='lat' dir='ltr'>diligentissime</span> <span class='ocrx_word' id='word_1_52' title='bbox 614 1496 774 1553; x_wconf 90' lang='lat' dir='ltr'>scrutans</span> <span class='ocrx_word' id='word_1_53' title='bbox 796 1489 949 1569; x_wconf 78' lang='lat' dir='ltr'>cogitaui</span> <span class='ocrx_word' id='word_1_54' title='bbox 971 1496 1076 1572; x_wconf 91' lang='lat' dir='ltr'>atque</span> <span class='ocrx_word' id='word_1_55' title='bbox 1090 1491 1133 1555; x_wconf 90' lang='lat' dir='ltr'>de</span> <span class='ocrx_word' id='word_1_56' title='bbox 1147 1513 1234 1575; x_wconf 89' lang='lat' dir='ltr'>pace</span> 
     </span>
     <span class='ocr_line' id='line_1_11' title="bbox 184 1587 1234 1670; baseline 0.006 -18"><span class='ocrx_word' id='word_1_57' title='bbox 184 1589 240 1652; x_wconf 91' lang='lat' dir='ltr'>uel</span> <span class='ocrx_word' id='word_1_58' title='bbox 256 1595 352 1652; x_wconf 88' lang='lat' dir='ltr'>statu</span> <span class='ocrx_word' id='word_1_59' title='bbox 366 1587 622 1652; x_wconf 86' lang='lat' dir='ltr'>aecclesiastica</span> <span class='ocrx_word' id='word_1_60' title='bbox 632 1589 776 1653; x_wconf 86' lang='lat' dir='ltr'>rimatus</span> <span class='ocrx_word' id='word_1_61' title='bbox 787 1605 874 1651; x_wconf 92' lang='lat' dir='ltr'>sum.</span> <span class='ocrx_word' id='word_1_62' title='bbox 921 1588 1096 1670; x_wconf 84' lang='lat' dir='ltr'>Equidem</span> <span class='ocrx_word' id='word_1_63' title='bbox 1109 1592 1152 1656; x_wconf 91' lang='lat' dir='ltr'>de</span> <span class='ocrx_word' id='word_1_64' title='bbox 1172 1595 1234 1658; x_wconf 89' lang='lat' dir='ltr'>ali·</span> 
     </span>
     <span class='ocr_line' id='line_1_12' title="bbox 183 1687 1233 1771; baseline 0.004 -19"><span class='ocrx_word' id='word_1_65' title='bbox 183 1689 314 1771; x_wconf 84' lang='lat' dir='ltr'>quibus</span> <span class='ocrx_word' id='word_1_66' title='bbox 332 1688 454 1769; x_wconf 85' lang='lat' dir='ltr'>agellis</span> <span class='ocrx_word' id='word_1_67' title='bbox 479 1687 742 1752; x_wconf 87' lang='lat' dir='ltr'>conflictationis</span> <span class='ocrx_word' id='word_1_68' title='bbox 767 1687 968 1769; x_wconf 79' lang='lat' dir='ltr'>quaerelam</span> <span class='ocrx_word' id='word_1_69' title='bbox 995 1708 1073 1752; x_wconf 93' lang='lat' dir='ltr'>cum</span> <span class='ocrx_word' id='word_1_70' title='bbox 1096 1691 1233 1771; x_wconf 84' lang='lat' dir='ltr'>Offano,</span> 
     </span>
     <span class='ocr_line' id='line_1_13' title="bbox 185 1786 1233 1869; baseline 0.006 -19"><span class='ocrx_word' id='word_1_71' title='bbox 185 1807 266 1869; x_wconf 84' lang='lat' dir='ltr'>rege</span> <span class='ocrx_word' id='word_1_72' title='bbox 282 1787 503 1864; x_wconf 90' lang='lat' dir='ltr'>Merciorum,</span> <span class='ocrx_word' id='word_1_73' title='bbox 518 1786 724 1868; x_wconf 91' lang='lat' dir='ltr'>dominoque</span> <span class='ocrx_word' id='word_1_74' title='bbox 742 1786 965 1868; x_wconf 90' lang='lat' dir='ltr'>dilectissimo</span> <span class='ocrx_word' id='word_1_75' title='bbox 980 1797 1098 1854; x_wconf 90' lang='lat' dir='ltr'>nostro</span> <span class='ocrx_word' id='word_1_76' title='bbox 1112 1791 1233 1856; x_wconf 92' lang='lat' dir='ltr'>habui-</span> 
     </span>
     <span class='ocr_line' id='line_1_14' title="bbox 183 1884 1234 1973; baseline 0.006 -23"><span class='ocrx_word' id='word_1_77' title='bbox 183 1906 271 1954; x_wconf 87' lang='lat' dir='ltr'>mus.</span> <span class='ocrx_word' id='word_1_78' title='bbox 324 1884 451 1952; x_wconf 87' lang='lat' dir='ltr'>Aiebat</span> <span class='ocrx_word' id='word_1_79' title='bbox 473 1886 564 1950; x_wconf 91' lang='lat' dir='ltr'>enim</span> <span class='ocrx_word' id='word_1_80' title='bbox 577 1904 653 1963; x_wconf 92' lang='lat' dir='ltr'>nos,</span> <span class='ocrx_word' id='word_1_81' title='bbox 669 1885 744 1950; x_wconf 89' lang='lat' dir='ltr'>sine</span> <span class='ocrx_word' id='word_1_82' title='bbox 761 1886 835 1950; x_wconf 91' lang='lat' dir='ltr'>iure</span> <span class='ocrx_word' id='word_1_83' title='bbox 850 1885 1079 1952; x_wconf 87' lang='lat' dir='ltr'>haereditario</span> <span class='ocrx_word' id='word_1_84' title='bbox 1093 1893 1234 1973; x_wconf 88' lang='lat' dir='ltr'>propin-</span> 
     </span>
     <span class='ocr_line' id='line_1_15' title="bbox 184 1983 1234 2070; baseline 0.005 -19"><span class='ocrx_word' id='word_1_85' title='bbox 184 1988 244 2070; x_wconf 90' lang='lat' dir='ltr'>qui</span> <span class='ocrx_word' id='word_1_86' title='bbox 269 1987 354 2063; x_wconf 90' lang='lat' dir='ltr'>eius,</span> <span class='ocrx_word' id='word_1_87' title='bbox 383 1983 583 2050; x_wconf 73' lang='lat' dir='ltr'>Aedelbaldi</span> <span class='ocrx_word' id='word_1_88' title='bbox 607 1985 739 2051; x_wconf 88' lang='lat' dir='ltr'>scillcet</span> <span class='ocrx_word' id='word_1_89' title='bbox 765 1986 869 2067; x_wconf 84' lang='lat' dir='ltr'>regis,</span> <span class='ocrx_word' id='word_1_90' title='bbox 897 1985 1143 2054; x_wconf 83' lang='lat' dir='ltr'>haereditatem</span> <span class='ocrx_word' id='word_1_91' title='bbox 1169 1993 1234 2056; x_wconf 89' lang='lat' dir='ltr'>sub</span> 
     </span>
     <span class='ocr_line' id='line_1_16' title="bbox 182 2085 1233 2168; baseline 0.005 -18"><span class='ocrx_word' id='word_1_92' title='bbox 182 2086 334 2151; x_wconf 92' lang='lat' dir='ltr'>dominio</span> <span class='ocrx_word' id='word_1_93' title='bbox 347 2086 475 2150; x_wconf 87' lang='lat' dir='ltr'>iniusto</span> <span class='ocrx_word' id='word_1_94' title='bbox 488 2085 633 2165; x_wconf 84' lang='lat' dir='ltr'>habere3</span> <span class='ocrx_word' id='word_1_95' title='bbox 659 2086 695 2149; x_wconf 93' lang='lat' dir='ltr'>id</span> <span class='ocrx_word' id='word_1_96' title='bbox 717 2093 782 2163; x_wconf 87' lang='lat' dir='ltr'>cst,</span> <span class='ocrx_word' id='word_1_97' title='bbox 804 2087 841 2149; x_wconf 92' lang='lat' dir='ltr'>in</span> <span class='ocrx_word' id='word_1_98' title='bbox 862 2085 939 2150; x_wconf 91' lang='lat' dir='ltr'>loco</span> <span class='ocrx_word' id='word_1_99' title='bbox 953 2086 1013 2168; x_wconf 93' lang='lat' dir='ltr'>qui</span> <span class='ocrx_word' id='word_1_100' title='bbox 1028 2087 1154 2153; x_wconf 89' lang='lat' dir='ltr'>dicitur</span> <span class='ocrx_word' id='word_1_101' title='bbox 1176 2100 1233 2155; x_wconf 91' lang='lat' dir='ltr'>aet</span> 
     </span>
     <span class='ocr_line' id='line_1_17' title="bbox 186 2185 1235 2268; baseline 0.004 -17"><span class='ocrx_word' id='word_1_102' title='bbox 186 2186 360 2251; x_wconf 88' lang='lat' dir='ltr'>Beathum</span> <span class='ocrx_word' id='word_1_103' title='bbox 376 2234 384 2250; x_wconf 92' lang='lat'><strong>.</strong></span> <span class='ocrx_word' id='word_1_104' title='bbox 400 2203 449 2249; x_wconf 85' lang='lat' dir='ltr'>xc</span> <span class='ocrx_word' id='word_1_105' title='bbox 466 2185 711 2263; x_wconf 69' lang='lat' dir='ltr'>manentium,</span> <span class='ocrx_word' id='word_1_106' title='bbox 724 2193 760 2249; x_wconf 91' lang='lat' dir='ltr'>et</span> <span class='ocrx_word' id='word_1_107' title='bbox 773 2185 811 2248; x_wconf 92' lang='lat' dir='ltr'>in</span> <span class='ocrx_word' id='word_1_108' title='bbox 824 2185 902 2248; x_wconf 88' lang='lat' dir='ltr'>aliis</span> <span class='ocrx_word' id='word_1_109' title='bbox 918 2186 1035 2251; x_wconf 88' lang='lat' dir='ltr'>multis</span> <span class='ocrx_word' id='word_1_110' title='bbox 1049 2187 1153 2268; x_wconf 84' lang='lat' dir='ltr'>locis3</span> <span class='ocrx_word' id='word_1_111' title='bbox 1169 2189 1235 2255; x_wconf 90' lang='lat' dir='ltr'>hoc</span> 
     </span>
     <span class='ocr_line' id='line_1_18' title="bbox 184 2284 1236 2364; baseline 0.007 -14"><span class='ocrx_word' id='word_1_112' title='bbox 184 2293 249 2363; x_wconf 85' lang='lat' dir='ltr'>est,</span> <span class='ocrx_word' id='word_1_113' title='bbox 263 2294 320 2351; x_wconf 86' lang='lat' dir='ltr'>aet</span> <span class='ocrx_word' id='word_1_114' title='bbox 334 2284 528 2350; x_wconf 83' lang='lat' dir='ltr'>Stretforda&#39;</span> <span class='ocrx_word' id='word_1_115' title='bbox 543 2301 639 2349; x_wconf 76' lang='lat' dir='ltr'><strong>xxX.</strong></span> <span class='ocrx_word' id='word_1_116' title='bbox 655 2292 832 2364; x_wconf 81' lang='lat' dir='ltr'>cassatos3</span> <span class='ocrx_word' id='word_1_117' title='bbox 857 2291 915 2348; x_wconf 85' lang='lat' dir='ltr'>aet</span> <span class='ocrx_word' id='word_1_118' title='bbox 929 2285 1031 2349; x_wconf 88' lang='lat' dir='ltr'>Sture</span> <span class='ocrx_word' id='word_1_119' title='bbox 1049 2333 1055 2347; x_wconf 96' lang='lat'><strong><em>.</em></strong></span> <span class='ocrx_word' id='word_1_120' title='bbox 1070 2305 1236 2358; x_wconf 79' lang='lat' dir='ltr'>xxxviii.</span> 
     </span>
     <span class='ocr_line' id='line_1_19' title="bbox 186 2375 1233 2460; baseline 0.003 -9"><span class='ocrx_word' id='word_1_121' title='bbox 186 2386 296 2452; x_wconf 85' lang='lat' dir='ltr'>Simili</span> <span class='ocrx_word' id='word_1_122' title='bbox 320 2386 425 2460; x_wconf 87' lang='lat' dir='ltr'>etiam</span> <span class='ocrx_word' id='word_1_123' title='bbox 449 2383 618 2449; x_wconf 88' lang='lat' dir='ltr'>uocabulo</span> <span class='ocrx_word' id='word_1_124' title='bbox 641 2390 699 2447; x_wconf 87' lang='lat' dir='ltr'>aet</span> <span class='ocrx_word' id='word_1_125' title='bbox 723 2375 825 2449; x_wconf 87' lang='lat' dir='ltr'>Sture</span> <span class='ocrx_word' id='word_1_126' title='bbox 842 2383 880 2446; x_wconf 93' lang='lat' dir='ltr'>in</span> <span class='ocrx_word' id='word_1_127' title='bbox 896 2384 1079 2449; x_wconf 87' lang='lat' dir='ltr'>Usmerum</span> <span class='ocrx_word' id='word_1_128' title='bbox 1098 2435 1106 2451; x_wconf 92' lang='lat'><strong>.</strong></span> <span class='ocrx_word' id='word_1_129' title='bbox 1122 2404 1233 2454; x_wconf 85' lang='lat' dir='ltr'>xr111.</span> 
     </span>
     <span class='ocr_line' id='line_1_20' title="bbox 188 2481 1235 2561; baseline 0.004 -11"><span class='ocrx_word' id='word_1_130' title='bbox 188 2484 411 2561; x_wconf 85' lang='lat' dir='ltr'>manentium,</span> <span class='ocrx_word' id='word_1_131' title='bbox 438 2491 495 2548; x_wconf 87' lang='lat' dir='ltr'>aet</span> <span class='ocrx_word' id='word_1_132' title='bbox 520 2483 703 2548; x_wconf 88' lang='lat' dir='ltr'>Breoduno</span> <span class='ocrx_word' id='word_1_133' title='bbox 724 2531 732 2547; x_wconf 89' lang='lat'><strong>.</strong></span> <span class='ocrx_word' id='word_1_134' title='bbox 754 2500 809 2547; x_wconf 89' lang='lat' dir='ltr'>x11</span> <span class='ocrx_word' id='word_1_135' title='bbox 834 2530 842 2546; x_wconf 92' lang='lat'><strong>.</strong></span> <span class='ocrx_word' id='word_1_136' title='bbox 862 2481 899 2545; x_wconf 92' lang='lat' dir='ltr'>in</span> <span class='ocrx_word' id='word_1_137' title='bbox 925 2483 1104 2550; x_wconf 90' lang='lat' dir='ltr'>Homtune</span> <span class='ocrx_word' id='word_1_138' title='bbox 1128 2504 1235 2554; x_wconf 88' lang='lat' dir='ltr'>xvu.</span> 
     </span>
     <span class='ocr_line' id='line_1_21' title="bbox 189 2583 1236 2664; baseline 0.004 -15"><span class='ocrx_word' id='word_1_139' title='bbox 189 2590 414 2649; x_wconf 86' lang='lat' dir='ltr'>cassatorum.</span> <span class='ocrx_word' id='word_1_140' title='bbox 467 2583 567 2647; x_wconf 92' lang='lat' dir='ltr'>Haec</span> <span class='ocrx_word' id='word_1_141' title='bbox 583 2590 698 2647; x_wconf 87' lang='lat' dir='ltr'>autem</span> <span class='ocrx_word' id='word_1_142' title='bbox 712 2583 869 2664; x_wconf 85' lang='lat' dir='ltr'>praefata</span> <span class='ocrx_word' id='word_1_143' title='bbox 882 2585 1112 2648; x_wconf 86' lang='lat' dir='ltr'>contentionis</span> <span class='ocrx_word' id='word_1_144' title='bbox 1130 2606 1236 2653; x_wconf 85' lang='lat' dir='ltr'>causa</span> 
     </span>
     <span class='ocr_line' id='line_1_22' title="bbox 188 2682 1237 2766; baseline 0.006 -18"><span class='ocrx_word' id='word_1_145' title='bbox 188 2685 226 2748; x_wconf 92' lang='lat' dir='ltr'>in</span> <span class='ocrx_word' id='word_1_146' title='bbox 240 2684 387 2749; x_wconf 87' lang='lat' dir='ltr'>sinodali</span> <span class='ocrx_word' id='word_1_147' title='bbox 409 2682 636 2747; x_wconf 88' lang='lat' dir='ltr'>conciliabulo</span> <span class='ocrx_word' id='word_1_148' title='bbox 648 2682 804 2746; x_wconf 78' lang='lat' dir='ltr'>&#39;demissa</span> <span class='ocrx_word' id='word_1_149' title='bbox 822 2683 859 2745; x_wconf 94' lang='lat' dir='ltr'>in</span> <span class='ocrx_word' id='word_1_150' title='bbox 876 2683 952 2746; x_wconf 91' lang='lat' dir='ltr'>loco</span> <span class='ocrx_word' id='word_1_151' title='bbox 967 2683 1027 2766; x_wconf 92' lang='lat' dir='ltr'>qui</span> <span class='ocrx_word' id='word_1_152' title='bbox 1041 2684 1165 2749; x_wconf 89' lang='lat' dir='ltr'>dicitur</span> <span class='ocrx_word' id='word_1_153' title='bbox 1180 2697 1237 2754; x_wconf 90' lang='lat' dir='ltr'>aet</span> 
     </span>
     <span class='ocr_line' id='line_1_23' title="bbox 190 2781 1236 2866; baseline 0.005 -18"><span class='ocrx_word' id='word_1_154' title='bbox 190 2783 451 2866; x_wconf 85' lang='lat' dir='ltr'>Bregentforda.</span> <span class='ocrx_word' id='word_1_155' title='bbox 475 2782 701 2847; x_wconf 89' lang='lat' dir='ltr'>Reddidimus</span> <span class='ocrx_word' id='word_1_156' title='bbox 721 2802 858 2864; x_wconf 92' lang='lat' dir='ltr'>quoque</span> <span class='ocrx_word' id='word_1_157' title='bbox 882 2781 943 2858; x_wconf 90' lang='lat' dir='ltr'>illo</span> <span class='ocrx_word' id='word_1_158' title='bbox 964 2783 1033 2846; x_wconf 86' lang='lat' dir='ltr'>iam</span> <span class='ocrx_word' id='word_1_159' title='bbox 1059 2786 1236 2853; x_wconf 81' lang='lat' dir='ltr'>nominato</span> 
     </span>
     <span class='ocr_line' id='line_1_24' title="bbox 188 2882 1237 2966; baseline 0.006 -20"><span class='ocrx_word' id='word_1_160' title='bbox 188 2885 264 2966; x_wconf 82' lang='lat' dir='ltr'>regi</span> <span class='ocrx_word' id='word_1_161' title='bbox 286 2882 401 2960; x_wconf 88' lang='lat' dir='ltr'>Offan,</span> <span class='ocrx_word' id='word_1_162' title='bbox 425 2883 670 2946; x_wconf 85' lang='lat' dir='ltr'>monasterium</span> <span class='ocrx_word' id='word_1_163' title='bbox 694 2882 779 2945; x_wconf 93' lang='lat' dir='ltr'>illud</span> <span class='ocrx_word' id='word_1_164' title='bbox 804 2882 1061 2948; x_wconf 87' lang='lat' dir='ltr'>celeberrimum</span> <span class='ocrx_word' id='word_1_165' title='bbox 1085 2893 1143 2950; x_wconf 87' lang='lat' dir='ltr'>aet</span> <span class='ocrx_word' id='word_1_166' title='bbox 1166 2889 1237 2952; x_wconf 86' lang='lat' dir='ltr'>Ba-</span> 
     </span>
     <span class='ocr_line' id='line_1_25' title="bbox 190 2981 1239 3070; baseline 0.004 -23"><span class='ocrx_word' id='word_1_167' title='bbox 190 2987 279 3070; x_wconf 72' lang='lat' dir='ltr'>pum,</span> <span class='ocrx_word' id='word_1_168' title='bbox 294 2984 367 3046; x_wconf 92' lang='lat' dir='ltr'>sine</span> <span class='ocrx_word' id='word_1_169' title='bbox 381 2982 453 3046; x_wconf 93' lang='lat' dir='ltr'>ullo</span> <span class='ocrx_word' id='word_1_170' title='bbox 467 2981 748 3046; x_wconf 83' lang='lat' dir='ltr'>contradictionis</span> <span class='ocrx_word' id='word_1_171' title='bbox 770 2981 960 3059; x_wconf 88' lang='lat' dir='ltr'>obstaculo,</span> <span class='ocrx_word' id='word_1_172' title='bbox 975 2982 1019 3047; x_wconf 89' lang='lat' dir='ltr'>ad</span> <span class='ocrx_word' id='word_1_173' title='bbox 1033 2983 1239 3067; x_wconf 88' lang='lat' dir='ltr'>habendum,</span> 
     </span>
     <span class='ocr_line' id='line_1_26' title="bbox 191 3080 1239 3166; baseline 0.006 -19"><span class='ocrx_word' id='word_1_174' title='bbox 191 3083 247 3147; x_wconf 92' lang='lat' dir='ltr'>uel</span> <span class='ocrx_word' id='word_1_175' title='bbox 262 3083 378 3159; x_wconf 86' lang='lat' dir='ltr'>etiam,</span> <span class='ocrx_word' id='word_1_176' title='bbox 402 3082 458 3145; x_wconf 93' lang='lat' dir='ltr'>cui</span> <span class='ocrx_word' id='word_1_177' title='bbox 483 3081 633 3163; x_wconf 83' lang='lat' dir='ltr'>dignum.</span> <span class='ocrx_word' id='word_1_178' title='bbox 645 3081 814 3159; x_wconf 86' lang='lat' dir='ltr'>duxisset,</span> <span class='ocrx_word' id='word_1_179' title='bbox 828 3080 872 3144; x_wconf 92' lang='lat' dir='ltr'>ad</span> <span class='ocrx_word' id='word_1_180' title='bbox 885 3081 1102 3148; x_wconf 88' lang='lat' dir='ltr'>tribuendum</span> <span class='ocrx_word' id='word_1_181' title='bbox 1116 3106 1124 3166; x_wconf 91' lang='lat'><strong>;</strong></span> <span class='ocrx_word' id='word_1_182' title='bbox 1150 3106 1239 3152; x_wconf 92' lang='lat' dir='ltr'>sem-</span> 
     </span>
     <span class='ocr_line' id='line_1_27' title="bbox 191 3180 1239 3265; baseline 0.006 -19"><span class='ocrx_word' id='word_1_183' title='bbox 191 3202 319 3265; x_wconf 88' lang='lat' dir='ltr'>perque</span> <span class='ocrx_word' id='word_1_184' title='bbox 334 3181 589 3263; x_wconf 90' lang='lat' dir='ltr'>perfruendum,</span> <span class='ocrx_word' id='word_1_185' title='bbox 604 3180 705 3244; x_wconf 90' lang='lat' dir='ltr'>iustis</span> <span class='ocrx_word' id='word_1_186' title='bbox 714 3181 788 3245; x_wconf 92' lang='lat' dir='ltr'>eius</span> <span class='ocrx_word' id='word_1_187' title='bbox 799 3180 1001 3245; x_wconf 86' lang='lat' dir='ltr'>haeredibus</span> <span class='ocrx_word' id='word_1_188' title='bbox 1015 3184 1239 3262; x_wconf 88' lang='lat' dir='ltr'>libentissime</span> 
     </span>
     <span class='ocr_line' id='line_1_28' title="bbox 192 3271 1241 3363; baseline 0.007 -17"><span class='ocrx_word' id='word_1_189' title='bbox 192 3282 442 3360; x_wconf 84' lang='lat' dir='ltr'>concessimus3</span> <span class='ocrx_word' id='word_1_190' title='bbox 474 3281 569 3345; x_wconf 88' lang='lat' dir='ltr'>etin</span> <span class='ocrx_word' id='word_1_191' title='bbox 594 3281 746 3345; x_wconf 89' lang='lat' dir='ltr'>australe</span> <span class='ocrx_word' id='word_1_192' title='bbox 775 3289 874 3363; x_wconf 91' lang='lat' dir='ltr'>parte</span> <span class='ocrx_word' id='word_1_193' title='bbox 899 3280 1048 3346; x_wconf 90' lang='lat' dir='ltr'>fluminis</span> <span class='ocrx_word' id='word_1_194' title='bbox 1071 3271 1124 3349; x_wconf 79' lang='lat' dir='ltr'>ibi&#39;</span> <span class='ocrx_word' id='word_1_195' title='bbox 1140 3287 1241 3352; x_wconf 83' lang='lat' dir='ltr'>iuxta</span> 
     </span>
     <span class='ocr_line' id='line_1_29' title="bbox 193 3379 1241 3468; baseline 0.006 -23"><span class='ocrx_word' id='word_1_196' title='bbox 193 3382 285 3466; x_wconf 90' lang='lat' dir='ltr'>quod</span> <span class='ocrx_word' id='word_1_197' title='bbox 309 3382 435 3445; x_wconf 90' lang='lat' dir='ltr'>dicitur</span> <span class='ocrx_word' id='word_1_198' title='bbox 460 3379 570 3444; x_wconf 83' lang='lat' dir='ltr'>Easen</span> <span class='ocrx_word' id='word_1_199' title='bbox 587 3400 688 3443; x_wconf 77' lang='lat' dir='ltr'>‚xxx</span> <span class='ocrx_word' id='word_1_200' title='bbox 703 3428 711 3444; x_wconf 91' lang='lat'><strong>.</strong></span> <span class='ocrx_word' id='word_1_201' title='bbox 728 3388 883 3445; x_wconf 89' lang='lat' dir='ltr'>cassatos</span> <span class='ocrx_word' id='word_1_202' title='bbox 910 3381 1114 3461; x_wconf 90' lang='lat' dir='ltr'>addidimus,</span> <span class='ocrx_word' id='word_1_203' title='bbox 1137 3407 1241 3468; x_wconf 93' lang='lat' dir='ltr'>quam</span> 
     </span>
     <span class='ocr_line' id='line_1_30' title="bbox 194 3479 1243 3568; baseline 0.004 -22"><span class='ocrx_word' id='word_1_204' title='bbox 194 3489 321 3546; x_wconf 84' lang='lat' dir='ltr'>terram</span> <span class='ocrx_word' id='word_1_205' title='bbox 336 3480 479 3545; x_wconf 88' lang='lat' dir='ltr'>mercati</span> <span class='ocrx_word' id='word_1_206' title='bbox 500 3499 618 3544; x_wconf 89' lang='lat' dir='ltr'>sumus</span> <span class='ocrx_word' id='word_1_207' title='bbox 633 3480 739 3561; x_wconf 84' lang='lat' dir='ltr'>digno</span> <span class='ocrx_word' id='word_1_208' title='bbox 753 3481 888 3562; x_wconf 92' lang='lat' dir='ltr'>praetio</span> <span class='ocrx_word' id='word_1_209' title='bbox 907 3500 929 3543; x_wconf 88' lang='lat' dir='ltr'>a</span> <span class='ocrx_word' id='word_1_210' title='bbox 943 3479 1137 3564; x_wconf 84' lang='lat' dir='ltr'>Cyneuulfo</span> <span class='ocrx_word' id='word_1_211' title='bbox 1160 3506 1243 3568; x_wconf 85' lang='lat' dir='ltr'>rege</span> 
     </span>
     <span class='ocr_line' id='line_1_31' title="bbox 196 3578 1243 3663; baseline 0.005 -18"><span class='ocrx_word' id='word_1_212' title='bbox 196 3581 448 3646; x_wconf 82' lang='lat' dir='ltr'>Uuestsaexna.</span> <span class='ocrx_word' id='word_1_213' title='bbox 496 3579 717 3663; x_wconf 85' lang='lat' dir='ltr'>Quapropter</span> <span class='ocrx_word' id='word_1_214' title='bbox 744 3579 835 3643; x_wconf 93' lang='lat' dir='ltr'>idem</span> <span class='ocrx_word' id='word_1_215' title='bbox 872 3578 930 3642; x_wconf 87' lang='lat' dir='ltr'>ifle</span> <span class='ocrx_word' id='word_1_216' title='bbox 966 3581 1143 3662; x_wconf 79' lang='lat' dir='ltr'>praefatus</span> <span class='ocrx_word' id='word_1_217' title='bbox 1180 3605 1243 3650; x_wconf 84' lang='lat' dir='ltr'>rex</span> 
     </span>
     <span class='ocr_line' id='line_1_32' title="bbox 196 3678 1242 3764; baseline 0.005 -20"><span class='ocrx_word' id='word_1_218' title='bbox 196 3680 287 3758; x_wconf 87' lang='lat' dir='ltr'>Offa,</span> <span class='ocrx_word' id='word_1_219' title='bbox 306 3680 349 3744; x_wconf 89' lang='lat' dir='ltr'>ad</span> <span class='ocrx_word' id='word_1_220' title='bbox 372 3679 690 3762; x_wconf 87' lang='lat' dir='ltr'>reconpensationis</span> <span class='ocrx_word' id='word_1_221' title='bbox 708 3678 990 3756; x_wconf 82' lang='lat' dir='ltr'>satisfactionem,</span> <span class='ocrx_word' id='word_1_222' title='bbox 1014 3688 1049 3745; x_wconf 90' lang='lat' dir='ltr'>et</span> <span class='ocrx_word' id='word_1_223' title='bbox 1070 3702 1133 3764; x_wconf 92' lang='lat' dir='ltr'>pro</span> <span class='ocrx_word' id='word_1_224' title='bbox 1154 3705 1242 3749; x_wconf 90' lang='lat' dir='ltr'>una-</span> 
     </span>
     <span class='ocr_line' id='line_1_33' title="bbox 194 3779 1253 3864; baseline 0.006 -20"><span class='ocrx_word' id='word_1_225' title='bbox 194 3781 351 3845; x_wconf 89' lang='lat' dir='ltr'>nimitate</span> <span class='ocrx_word' id='word_1_226' title='bbox 364 3779 578 3844; x_wconf 86' lang='lat' dir='ltr'>firmissimae</span> <span class='ocrx_word' id='word_1_227' title='bbox 593 3780 701 3863; x_wconf 88' lang='lat' dir='ltr'>pacis,</span> <span class='ocrx_word' id='word_1_228' title='bbox 715 3779 873 3862; x_wconf 87' lang='lat' dir='ltr'>praefata</span> <span class='ocrx_word' id='word_1_229' title='bbox 882 3779 959 3843; x_wconf 91' lang='lat' dir='ltr'>loca</span> <span class='ocrx_word' id='word_1_230' title='bbox 973 3781 1253 3864; x_wconf 81' lang='lat' dir='ltr'>aetStretsorda,</span> 
     </span>
     <span class='ocr_line' id='line_1_34' title="bbox 195 3879 1243 3958; baseline 0.003 -12"><span class='ocrx_word' id='word_1_231' title='bbox 195 3888 252 3946; x_wconf 91' lang='lat' dir='ltr'>aet</span> <span class='ocrx_word' id='word_1_232' title='bbox 278 3881 392 3958; x_wconf 91' lang='lat' dir='ltr'>Sturo,</span> <span class='ocrx_word' id='word_1_233' title='bbox 422 3887 479 3944; x_wconf 88' lang='lat' dir='ltr'>aet</span> <span class='ocrx_word' id='word_1_234' title='bbox 505 3881 700 3956; x_wconf 88' lang='lat' dir='ltr'>Breodune,</span> <span class='ocrx_word' id='word_1_235' title='bbox 728 3880 763 3943; x_wconf 91' lang='lat' dir='ltr'>in</span> <span class='ocrx_word' id='word_1_236' title='bbox 788 3879 979 3955; x_wconf 91' lang='lat' dir='ltr'>Homtune,</span> <span class='ocrx_word' id='word_1_237' title='bbox 1001 3887 1059 3944; x_wconf 88' lang='lat' dir='ltr'>aet</span> <span class='ocrx_word' id='word_1_238' title='bbox 1082 3882 1184 3948; x_wconf 88' lang='lat' dir='ltr'>Sture</span> <span class='ocrx_word' id='word_1_239' title='bbox 1206 3886 1243 3950; x_wconf 94' lang='lat' dir='ltr'>in</span> 
     </span>
     <span class='ocr_line' id='line_1_35' title="bbox 194 3979 1245 4057; baseline 0.005 -12"><span class='ocrx_word' id='word_1_240' title='bbox 194 3980 392 4057; x_wconf 87' lang='lat' dir='ltr'>Usmerum,</span> <span class='ocrx_word' id='word_1_241' title='bbox 408 3987 510 4044; x_wconf 80' lang='lat' dir='ltr'>extra</span> <span class='ocrx_word' id='word_1_242' title='bbox 522 3981 614 4044; x_wconf 92' lang='lat' dir='ltr'>omni</span> <span class='ocrx_word' id='word_1_243' title='bbox 637 3979 926 4044; x_wconf 91' lang='lat' dir='ltr'>controuersionis</span> <span class='ocrx_word' id='word_1_244' title='bbox 940 3986 976 4043; x_wconf 91' lang='lat' dir='ltr'>et</span> <span class='ocrx_word' id='word_1_245' title='bbox 990 3983 1245 4050; x_wconf 90' lang='lat' dir='ltr'>ammonitionis</span> 
     </span>
     <span class='ocr_line' id='line_1_36' title="bbox 193 4078 1244 4163; baseline 0.008 -21"><span class='ocrx_word' id='word_1_246' title='bbox 193 4099 312 4158; x_wconf 87' lang='lat' dir='ltr'>causa,</span> <span class='ocrx_word' id='word_1_247' title='bbox 328 4099 370 4144; x_wconf 87' lang='lat' dir='ltr'>ea</span> <span class='ocrx_word' id='word_1_248' title='bbox 382 4079 543 4144; x_wconf 89' lang='lat' dir='ltr'>libertate</span> <span class='ocrx_word' id='word_1_249' title='bbox 559 4080 602 4143; x_wconf 92' lang='lat' dir='ltr'>ad</span> <span class='ocrx_word' id='word_1_250' title='bbox 618 4080 852 4161; x_wconf 84' lang='lat' dir='ltr'>supradictam</span> <span class='ocrx_word' id='word_1_251' title='bbox 863 4078 1063 4143; x_wconf 87' lang='lat' dir='ltr'>aecclesiam</span> <span class='ocrx_word' id='word_1_252' title='bbox 1079 4091 1244 4163; x_wconf 87' lang='lat' dir='ltr'>nostram,</span> 
     </span>
     <span class='ocr_line' id='line_1_37' title="bbox 196 4179 1244 4263; baseline 0.008 -20"><span class='ocrx_word' id='word_1_253' title='bbox 196 4179 230 4243; x_wconf 95' lang='lat' dir='ltr'>id</span> <span class='ocrx_word' id='word_1_254' title='bbox 247 4181 349 4245; x_wconf 88' lang='lat' dir='ltr'>estin</span> <span class='ocrx_word' id='word_1_255' title='bbox 366 4180 554 4263; x_wconf 83' lang='lat' dir='ltr'>Uuegerna</span> <span class='ocrx_word' id='word_1_256' title='bbox 576 4180 729 4257; x_wconf 88' lang='lat' dir='ltr'>ciuitate,</span> <span class='ocrx_word' id='word_1_257' title='bbox 742 4180 884 4244; x_wconf 83' lang='lat' dir='ltr'>libertas</span> <span class='ocrx_word' id='word_1_258' title='bbox 899 4180 1079 4258; x_wconf 85' lang='lat' dir='ltr'>concessit,</span> <span class='ocrx_word' id='word_1_259' title='bbox 1093 4190 1134 4247; x_wconf 91' lang='lat' dir='ltr'>nt</span> <span class='ocrx_word' id='word_1_260' title='bbox 1148 4186 1244 4250; x_wconf 91' lang='lat' dir='ltr'>nullo</span> 
     </span>
    </p>
   </div>
   <div class='ocr_carea' id='block_1_4' title="bbox 0 0 1585 5032">
    <p class='ocr_par' dir='ltr' id='par_1_4' title="bbox 0 0 1585 5032">
     <span class='ocr_line' id='line_1_38' title="bbox 0 0 1585 5032; baseline 0 0"><span class='ocrx_word' id='word_1_261' title='bbox 0 0 1585 5032; x_wconf 95' lang='lat' dir='ltr'> </span> 
     </span>
    </p>
   </div>
  </div>
 </body>
</html>
