3172 5030
461 441 633 490 cunnrnn
657 440 999 490 nnonosnxonrcnn.
1212 427 1255 492 19

201 602 379 684 gitionem,
403 621 472 665 non
504 602 616 668 solum
641 622 705 685 pro
735 603 883 684 pecunia
904 602 1052 686 quadam
1080 595 1152 665 seu¹
1176 622 1256 684 pro-

200 702 404 785 pinquitate,
428 701 488 766 sed
514 703 669 768 mercede
688 723 825 786 quoque
852 704 897 767 ab
922 703 1157 785 omnipotente
1178 702 1255 782 deo,

201 799 343 866 Aebbae
372 803 567 867 abbatissae
597 805 818 868 aeternaliter
840 803 1079 886 possidendam
1117 811 1255 868 contra·

201 903 326 981 dimne,
364 912 399 967 et
435 904 686 968 confirmamus
745 904 849 967 Hanc
886 911 1001 968 autem
1035 904 1255 968 donationem

201 1022 312 1067 meam
351 1023 428 1067 cum
457 1023 627 1068 consensu
660 1012 695 1070 et
723 1005 903 1069 uoluntate
938 1003 1255 1086 praecellentissimi

200 1104 291 1185 regis
319 1100 495 1168 Aedilredi
525 1105 679 1170 fecimus.
726 1104 892 1187 Quisquis
924 1111 1039 1168 autem
1069 1104 1253 1169 haeredum

199 1221 434 1268 successorum
460 1225 614 1269 meorum
639 1225 759 1288 regum
787 1204 950 1282 Canciae,
972 1205 1029 1268 uel
1054 1204 1084 1268 si
1109 1204 1254 1287 quilibet

197 1304 425 1368 saecularium
440 1305 650 1387 dignitatum
661 1313 722 1370 aut
736 1305 1058 1382 ecclesiasticarum,
1073 1303 1115 1367 de
1130 1323 1252 1386 supra-

197 1404 290 1469 dicta
304 1404 500 1483 donatione,
516 1425 619 1487 quam
641 1426 704 1488 pro
722 1413 863 1470 aeterna
883 1404 1157 1470 remuneratione
1177 1406 1251 1469 ani-

197 1524 275 1569 mae
292 1524 389 1568 meae
408 1506 635 1597 omnipotenti
653 1506 730 1582 deo,
747 1505 791 1570 ad
805 1506 991 1570 utilitatem
1011 1505 1252 1569 famulantium

197 1605 241 1681 ci,
263 1605 300 1667 in
325 1604 379 1667 ius
402 1606 644 1670 monasteriale
665 1613 803 1671 constat
825 1625 901 1670 esse
925 1604 1099 1688 largitam,
1120 1605 1250 1688 aliquid

197 1704 407 1788 disrumpere
423 1713 484 1770 aut
493 1707 665 1771 inmutare
681 1707 737 1770 uel
751 1707 885 1771 irritum
894 1706 1006 1771 facere
1018 1709 1249 1789 temptauerit,

196 1806 285 1869 sciat
302 1824 339 1869 se
356 1807 431 1870 sine
448 1806 552 1871 dubio
574 1807 802 1890 omnipotenti
825 1807 890 1872 deo
904 1806 1059 1871 fraudem
1074 1806 1198 1885 facere,
1215 1816 1251 1873 et

195 1906 339 1988 proinde
361 1927 476 1972 coram
496 1927 538 1972 eo
558 1915 593 1972 et
610 1909 739 1973 sanctis
753 1908 886 1990 angelis
909 1908 981 1972 eius
1002 1915 1143 1972 aeterno
1165 1927 1250 1973 ana-

195 2005 347 2071 themate
377 2027 484 2072 reum.
537 2007 743 2092 Quicunque
775 2028 858 2073 uero
881 2009 966 2074 haec
999 2028 1089 2091 quae
1123 2008 1250 2090 largita

194 2108 427 2190 praediximus
455 2109 520 2172 sub
549 2110 608 2193 pia
633 2109 846 2193 protectione
867 2107 1081 2186 custodierit,
1102 2108 1159 2172 uel
1186 2129 1249 2192 pro

193 2206 249 2270 dei
273 2209 401 2274 intuitu
428 2209 692 2274 misericorditer
724 2210 872 2285 auxerit,
904 2210 951 2274 sit
980 2208 1180 2274 benedictus
1210 2211 1247 2273 in

194 2308 345 2385 saecula,
376 2309 562 2391 audiatque
596 2311 634 2373 in
666 2310 721 2374 die
753 2309 941 2373 nouissimo
969 2309 1136 2373 tremendi
1165 2329 1248 2374 exa-

194 2408 296 2470 minis
311 2408 355 2471 ab
370 2409 447 2491 ipso
468 2408 580 2472 iudice
602 2410 755 2474 omnium
769 2409 908 2473 Christo
922 2409 1073 2486 domino,
1089 2415 1249 2473 aeternae

192 2507 440 2572 benedictionis
459 2526 590 2586 uocem,
608 2509 734 2574 Uenite
755 2508 927 2572 benedicti
948 2509 1057 2591 patris
1079 2508 1157 2585 mei,
1170 2529 1248 2590 per·

193 2606 298 2689 cipite
332 2628 477 2691 regnum
507 2609 598 2691 quod
636 2610 734 2673 uobis
761 2615 922 2692 paratum
959 2615 1013 2673 est
1041 2608 1085 2671 ab
1116 2609 1248 2691 origiue

194 2708 323 2773 mundi.
366 2709 567 2774 Manentem
582 2710 689 2792 igitur
702 2710 791 2775 hanc
803 2711 969 2775 cartulam
986 2710 1023 2773 in
1037 2727 1100 2772 sua
1114 2727 1248 2792 semper

191 2808 365 2888 firmitate,
380 2831 457 2875 cum
478 2810 648 2892 religiosis
671 2812 818 2877 testibus
842 2811 942 2892 signo
962 2809 1153 2874 dominicae
1168 2830 1244 2876 cru·

191 2910 253 2987 cis,
275 2911 312 2974 in
339 2911 403 2976 hoc
431 2911 507 2976 loco
530 2911 589 2994 qui
610 2912 736 2978 dicitur
758 2911 985 2990 Dorouernis,
1013 2910 1183 2975 stabiliter
1210 2912 1247 2976 in

191 3013 582 3076 aenumconfirmamus.
878 3027 887 3038 ⁴

248 3113 286 3193 »14
315 3111 392 3194 Ego
408 3112 624 3177 Sueaberdus
640 3134 702 3178 rex
726 3112 876 3178 Careiae
896 3111 1131 3196 suprascripta
1146 3111 1246 3194 signo

191 3220 333 3277 sanctae
347 3214 458 3278 crucis
479 3234 541 3297 per
554 3215 727 3298 propriam
743 3235 883 3278 manum
899 3214 1072 3278 roboraui.
1111 3207 1150 3287 »14
1167 3213 1245 3296 Sig-

192 3332 274 3376 num
287 3333 410 3378 manus
427 3314 639 3379 Gumbercti.
683 3316 721 3396 »14
743 3313 887 3397 Signum
904 3313 1066 3404 Gebrcdi.
1111 3313 1244 3396 »14δί8-

192 3433 273 3476 num
289 3413 431 3478 osfridi.
488 3415 528 3496 »14
548 3415 692 3497 Signum
708 3415 865 3480 Urbaldi.
923 3415 961 3495 »14
982 3415 1127 3496 Signum
1143 3414 1244 3496 Hag-

191 3532 271 3578 ona.
321 3515 360 3595 »14
377 3515 521 3596 Signum
539 3515 681 3598 Egisan.
732 3515 772 3596 »14
786 3515 930 3597 Signum
946 3513 1149 3578 Bernhardi.
1200 3514 1238 3594 »14

191 3613 336 3695 Signum
359 3614 470 3679 Sebbe
492 3615 594 3696 regis.
651 3617 690 3697 »14
711 3614 856 3696 Signum
880 3613 981 3678 Ecce.
1039 3611 1077 3695 »14
1099 3612 1243 3694 Signum

194 3713 332 3779 Raban.
389 3715 593 3798 fflSignum
607 3713 775 3780 Albercti.
832 3715 872 3797 »14
893 3713 1038 3796 Signum
1053 3711 1244 3778 Gudlrardi.

196 3814 236 3896 »14
265 3814 479 3893 Theodorus,
502 3816 617 3898 gratia
639 3816 694 3880 dei
721 3816 1011 3899 archiepiscopus,
1043 3814 1241 3897 subscripsi.

196 3915 236 3997 »14
258 3914 336 3999 Ego
351 3914 527 3981 Adrianus
552 3917 658 3982 abbas
682 3917 880 4000 subscripsi.
937 3917 976 3997 »14
998 3915 1074 3996 Ego
1097 3914 1245 3978 Osuuini

189 4017 329 4101 propria
343 4036 449 4082 manu
464 4018 662 4102 subscripsi.
702 4019 740 4099 »14
759 4017 903 4099 Signum
918 4034 1040 4080 manus
1050 4013 1244 4080 Aedilredis

189 4118 282 4200 regis
297 4118 518 4198 Merciorum,
528 4118 609 4184 dum
624 4119 683 4183 ille
696 4119 932 4183 infirmauerat
947 4125 1074 4182 terram
1090 4125 1243 4182 nostram

650 4259 657 4290 ¹
667 4263 723 4314 MS.
736 4265 785 4313 sui.

1054 4361 1102 4406 02
