3188 5032
324 441 368 505 86
579 452 751 500 canoras
774 449 1116 497 anonosnxonrcla.

328 618 465 676 tantum
476 612 605 693 absque
618 618 719 675 textu
733 607 915 687 sufficeret,
925 616 1042 673 tamen
1055 607 1219 690 quoniam
1229 607 1378 690 plerum·

329 732 396 795 que
410 711 537 776 nostris
552 711 763 794 temporibus
776 717 1014 792 tempestates,
1033 716 1069 773 et
1082 709 1237 772 turbines
1259 727 1379 771 saecu·

329 812 453 877 larium
471 830 597 889 rerum,
615 812 720 875 etiam
741 818 861 893 portas
884 810 1070 874 aecclesiae
1088 808 1240 891 pulsant,
1255 809 1379 871 iccirco

330 930 455 994 operae
469 912 638 994 praetium
653 911 860 988 censuimus,
875 911 920 973 ob
934 910 1105 974 cautelam
1118 909 1324 986 futurorum,
1339 927 1381 972 ea

331 1031 420 1093 quae
437 1010 584 1076 diffinita
605 1018 687 1075 sunt
700 1011 837 1095 paginis
853 1011 1100 1093 scripturarum
1119 1015 1315 1086 annectere,
1337 1027 1381 1072 ne

329 1112 543 1194 inposterum
558 1112 725 1175 obliuioni
739 1111 869 1175 tradita
880 1110 1096 1192 ignorentur.
1146 1109 1228 1188 Qua
1240 1117 1381 1192 propter

331 1231 397 1294 ego
414 1211 482 1290 lui,
498 1211 608 1293 regali
621 1211 729 1276 fretus
752 1212 922 1293 dignitate
936 1228 958 1275 a
970 1210 1121 1288 domino,
1139 1229 1217 1274 cum
1237 1209 1380 1273 consilio

332 1312 512 1394 Sexburge
539 1311 681 1392 reginae
707 1320 743 1376 et
768 1311 908 1375 licentia
929 1310 1181 1376 Beorhtuualdi
1207 1310 1381 1374 Dorober-

332 1413 449 1476 nensis
469 1411 655 1477 aecclesiae
672 1412 857 1496 pontificis,
874 1418 909 1476 et
923 1412 1074 1475 omnium
1088 1410 1381 1492 suffraganeorum

332 1531 484 1591 suorum,
499 1531 634 1576 necnon
647 1512 751 1576 etiam
765 1512 906 1576 hortatu
922 1511 1086 1576 Baldredi
1107 1519 1142 1575 ct
1158 1509 1381 1575 Aetbelbardi

332 1613 606 1694 subregulorum,
619 1612 806 1677 aecclesiae
820 1618 992 1688 uetustae,
1009 1631 1098 1694 quae
1113 1611 1216 1675 estin
1229 1610 1308 1674 loco
1322 1611 1382 1692 qui

332 1711 459 1775 dicitur
485 1711 652 1791 Glasteie,
679 1732 783 1795 quam
806 1731 954 1794 magnus
979 1711 1139 1776 sacerdos
1165 1717 1202 1774 et
1225 1710 1382 1793 pontifex

333 1831 487 1875 summus
502 1812 703 1894 angelorum
724 1814 888 1895 obsequio
910 1812 976 1876 sibi
992 1830 1033 1876 ac
1047 1818 1235 1895 perpetuae
1256 1811 1383 1893 uirgini

335 1911 481 1988 Mariae,
492 1914 594 1976 beato
607 1912 735 1990 Dauid,
745 1912 863 1977 multis
877 1919 913 1976 et
922 1913 1087 1976 inauditis
1099 1911 1286 1986 miraculis,
1300 1911 1382 1974 olim

334 2031 371 2075 se
387 2012 620 2077 sanctificasse
634 2013 797 2090 innotuit,
813 2033 858 2077 ex
868 2012 947 2090 hiis,
964 2031 1054 2096 quae
1065 2019 1211 2096 patema
1227 2011 1382 2075 haeredi·

334 2119 406 2176 tate
417 2113 576 2195 possideo
591 2119 626 2176 et
638 2114 675 2176 in
685 2113 874 2177 dominium
889 2113 1062 2196 peculiare
1078 2120 1192 2189 teneo,
1201 2111 1287 2176 locis
1300 2131 1382 2174 con·

335 2211 440 2275 tinnis
470 2219 506 2276 et
533 2214 800 2295 congruentibus
837 2214 1000 2290 concedo,
1029 2213 1073 2276 ad
1108 2211 1384 2294 supplementum

334 2312 429 2376 uitae
444 2313 623 2395 regularis,
645 2322 681 2378 et
700 2314 744 2378 ad
766 2333 867 2377 usum
888 2313 1155 2377 monachorum:
1180 2311 1310 2376 Brente
1325 2312 1384 2376 de-

335 2432 408 2476 cem
441 2412 552 2491 hidas,
581 2413 713 2496 Souuig
741 2414 919 2478 duodecim
952 2414 1063 2491 hidas,
1095 2412 1228 2476 Pultun
1259 2413 1384 2494 uiginti

335 2511 446 2590 hidas,
470 2513 619 2595 Dulting
631 2513 758 2596 uiginti
779 2514 890 2590 hidas,
906 2513 1115 2578 Blendeneie
1129 2532 1235 2576 unam
1257 2512 1384 2591 hidam,

335 2632 413 2676 cum
424 2613 490 2677 biis
502 2614 659 2677 omnibus
672 2635 739 2697 que
752 2621 987 2678 antecessores
998 2614 1066 2677 mei
1077 2613 1186 2678 eidem
1198 2612 1384 2678 aecclesiae

335 2715 576 2778 contulerunt:
602 2712 895 2791 KeneuualchiuS,
911 2713 971 2796 qui
985 2721 1107 2778 sancto
1123 2713 1305 2778 Theodoro
1329 2732 1384 2776 ar·

335 2813 553 2896 chiepiscopo
587 2813 850 2892 interueniente,
882 2814 1152 2896 Ferlingamere,
1183 2811 1382 2891 Boekereie‚

337 2911 524 2992 Godeneie,
541 2913 773 2992 Martineseie,
794 2914 1044 2994 Eadredeseie;
1079 2912 1302 2977 Kentuuinus
1320 2934 1383 2977 rex

336 3014 397 3095 qui
406 3013 602 3096 Glastingie
613 3023 758 3079 matrem
771 3023 968 3079 sanctorum
983 3033 1109 3079 uocare
1121 3014 1244 3078 solitus
1259 3013 1383 3091 fuerat,

336 3121 372 3178 ct
396 3134 473 3178 eam
501 3116 545 3178 ab
576 3115 668 3178 omni
694 3115 863 3179 saeculari
885 3122 920 3179 et
943 3114 1198 3179 aecclesiastico
1220 3113 1383 3196 obsequio

335 3214 522 3279 immunem
548 3215 684 3292 statuit,
697 3221 743 3278 ‘et
765 3215 855 3278 banc
880 3215 1051 3297 priuilegii
1074 3214 1277 3297 dignitatem
1301 3233 1383 3278 con·

337 3315 453 3392 cessit,
488 3321 529 3378 ut
559 3314 710 3378 habeant
738 3314 863 3380 fratres
900 3315 1051 3379 eiusdem
1081 3316 1148 3379 loci
1176 3320 1384 3396 potestatem

336 3414 505 3496 elegendi,
527 3423 561 3479 et
579 3415 808 3480 constituendi
833 3415 899 3480 sibi
921 3421 1087 3479 rectorem
1109 3415 1209 3478 iuxta
1230 3414 1383 3496 regulam

337 3516 449 3580 sancti
472 3515 669 3580 Benedicti:
698 3514 845 3579 Haedde
871 3515 1053 3599 episcopus
1080 3515 1151 3597 qui,
1172 3512 1385 3578 Caeduualla

337 3623 510 3679 annuente
533 3622 568 3679 et
582 3616 722 3697 propria
735 3634 852 3692 manu,
866 3616 946 3679 licet
965 3634 1135 3697 paganus,
1150 3615 1385 3692 confirmante,

337 3713 526 3779 Lantocal:
557 3714 708 3779 Baldred
731 3715 791 3797 qui
806 3715 1005 3793 Penuuard,
1020 3732 1083 3778 sex
1096 3714 1216 3779 hidas:
1242 3711 1385 3778 Aethel·

336 3816 459 3892 uuard,
483 3815 543 3898 qui
565 3814 705 3892 Pobolt,
727 3817 913 3898 sexaginta
934 3815 1045 3891 hidas,
1069 3833 1125 3878 me
1150 3821 1324 3878 annuente
1351 3821 1386 3878 et

336 3916 571 3992 confirmante,
607 3915 786 3980 dederunt.
854 3915 1011 3993 Quorum
1046 3934 1111 3996 ego
1149 3914 1324 3978 deuotioni
1351 3921 1387 3978 et

335 4015 506 4098 benignae
534 4015 693 4098 petitioni
722 4017 886 4093 assentio,
912 4023 948 4080 et
975 4022 1098 4079 contra
1123 4015 1386 4095 malignantium

336 4113 512 4180 hominum
544 4123 579 4181 et
606 4116 851 4181 oblatrantium
881 4135 1006 4180 canum
1035 4114 1190 4193 insidias,
1219 4114 1386 4196 regalium

336 4217 524 4281 munimine
533 4217 678 4299 inuigilo
693 4218 885 4297 literarum3
902 4217 1066 4300 quatinus
1077 4215 1244 4280 aecclesia
1258 4215 1387 4280 domini
