3188 5032
487 455 660 504 celanen
682 453 1024 505 tuomsnxourons.
1218 437 1283 503 119

229 633 335 699 quam
359 613 500 698 propria
514 633 620 678 manu
640 633 739 678 sacro
762 613 942 696 signaculo
963 614 1126 679 roborare
1148 615 1280 695 curaui,

230 723 266 780 et
279 719 387 779 testes
409 714 594 779 nonnullos
608 721 648 779 ut
662 714 706 778 ad
725 715 838 798 ipsum
860 715 1115 779 consentientes
1137 722 1282 797 agerent

231 814 309 891 feci,
332 833 479 896 quorum
502 815 641 880 nomina
666 813 757 879 inira
784 821 956 879 tenentur.
1008 813 1137 886 Actum
1162 835 1280 880 mense

233 915 330 980 Maio
343 915 382 978 in
394 913 537 979 ciuitate
557 915 748 980 londonia.
800 914 996 980 Indictione
1011 917 1123 980 xuu⁸.
1175 914 1280 981 Anno

231 1017 276 1080 ab
299 1015 538 1080 incarnatione
560 1014 691 1080 Christi
715 1017 929 1079 nccxuvur‘t

286 1118 326 1198 ›1‹
342 1115 420 1197 Ego
428 1114 672 1180 Aethilbaldus
685 1133 755 1178 rex
766 1114 920 1179 Marciae
932 1113 1204 1198 suprascriptam
1217 1115 1279 1179 do-

233 1215 408 1280 nationem
429 1217 656 1298 meamsigno
677 1222 820 1279 sanctae
843 1215 967 1292 crucis,
989 1215 1026 1279 in
1054 1213 1120 1278 hac
1145 1216 1281 1280 cartula

231 1333 407 1400 expresso,
422 1315 606 1399 diligenter
620 1315 835 1381 confirmaui.
889 1318 930 1398 ›1‹
946 1314 1024 1396 Ego
1038 1311 1279 1381 Aedbeorhtus

231 1434 294 1480 rex
312 1414 458 1481 Cantiae
472 1414 584 1494 testis,
598 1415 817 1480 consentiens
832 1415 1032 1496 subscripsi.
1074 1417 1115 1497 ›1‹
1134 1415 1279 1498 Signum

231 1532 353 1579 manus
380 1513 587 1581 cuthberhti
610 1515 871 1599 archiepiscopi.
920 1517 961 1597 ›1‹
976 1513 1122 1597 Signum
1142 1515 1282 1579 Milredi

232 1616 395 1698 episcopi.
452 1619 492 1698 ›1‹
511 1615 657 1698 Signum
679 1615 839 1698 Egcuulfi
865 1614 1030 1697 episcopi.
1075 1615 1114 1697 ›1‹
1136 1614 1281 1697 Signum

231 1733 353 1779 manus
379 1715 494 1780 Obani
520 1716 629 1781 ducis.
699 1717 739 1799 ›1‹
763 1715 908 1797 Signum
937 1731 1060 1778 manus
1091 1712 1282 1798 Gyniberti.

237 1818 277 1897 ›1‹
301 1815 447 1897 Signum
461 1816 633 1900 Eoppeni.
689 1815 728 1897 ›1‹
745 1815 890 1898 Signum
904 1813 1100 1879 Frithurici.
1151 1817 1190 1897 ›1‹
1204 1815 1283 1899 Sig-

232 1935 314 1980 num
330 1916 548 1982 Ealhmundi.
605 1918 645 2000 ›1‹
662 1915 808 2000 Signum
823 1914 930 1980 Panti
944 1914 1159 1980 thelonearii.

691 2092 823 2104 m

684 2211 835 2279 XCIX.

537 2358 878 2441 AETHILBALD,
900 2362 978 2429 749.

287 2512 328 2593 ›1‹
343 2509 576 2586 Pnunuuouu
608 2512 786 2594 contigere
814 2511 905 2576 solet
932 2530 997 2594 pro
1029 2511 1162 2577 incerta
1189 2512 1284 2578 futu·

233 2631 351 2676 rorum
370 2618 567 2696 temporum
583 2611 832 2690 uicissitudine,
854 2618 895 2677 ut
916 2629 970 2690 ea,
986 2630 1077 2695 quae
1098 2612 1285 2678 multarum

232 2718 268 2776 et
281 2711 433 2776 fidelium
444 2731 668 2795 personarum
682 2712 880 2778 testimonio
895 2711 1108 2797 consilioque
1123 2713 1287 2778 roborata

233 2811 384 2890 luerunt,
399 2819 440 2877 ut
454 2810 691 2877 fraudulenter
705 2833 767 2897 per
781 2813 1033 2877 contumaciam
1047 2813 1285 2896 plurimorum,

234 2919 269 2977 et
282 2912 560 2978 machinamenta
574 2911 815 2990 simulationis,
830 2911 905 2977 sine
924 2911 997 2978 ulla
1010 2913 1286 2979 consideratione

234 3011 378 3077 rationis
404 3013 596 3095 periculose
615 3012 837 3097 dissipentur,
852 3013 919 3078 nisi
936 3015 1143 3079 auctoritate
1168 3014 1286 3079 litera·

233 3131 323 3190 rum,
336 3119 372 3178 et
386 3119 594 3178 testamento
607 3113 913 3198 chirographorum
928 3121 1089 3179 aeternae
1101 3114 1287 3180 memoriae

235 3213 366 3278 inserta
379 3213 464 3279 sint.
514 3213 737 3300 Quapropter
758 3235 824 3298 ego
839 3211 1082 3279 Aetbilbaldus
1104 3233 1168 3279 rex
1191 3214 1286 3278 Mer·

235 3314 377 3392 ciorum,
407 3334 471 3397 pro
500 3333 616 3379 amore
649 3315 808 3380 eoelestis
835 3315 969 3398 patriae
993 3321 1029 3380 et
1050 3335 1113 3398 pro
1136 3314 1287 3379 remedio

235 3413 371 3478 animae
393 3432 501 3493 meae,
514 3413 580 3478 hoc
600 3416 749 3479 maxime
772 3415 943 3496 agendum
961 3432 1037 3479 esse
1057 3414 1225 3498 praeuidi,
1247 3421 1288 3479 ut

234 3534 311 3579 eam
339 3515 439 3580 bonis
476 3515 636 3597 operibus
670 3513 813 3579 liberam
849 3513 1017 3580 efficerem
1051 3515 1095 3577 ab
1128 3512 1286 3579 omnibus

235 3615 383 3679 uinculis
413 3615 639 3698 piaculorum.
704 3613 799 3678 Dum
831 3615 922 3678 enim
953 3612 1037 3678 mibi
1070 3611 1287 3696 omnipotens

234 3713 320 3778 deus
343 3734 407 3797 per
426 3714 694 3780 misericordiam
718 3712 934 3795 clementiae,
947 3716 1078 3798 absque
1098 3713 1171 3778 ullo
1189 3719 1289 3778 ante-

234 3816 378 3879 cedente
400 3815 535 3892 merito,
558 3822 696 3898 sceptra
723 3815 900 3898 regiminis
930 3815 1116 3881 honorifice
1139 3813 1306 3895 largitus¹

236 3923 302 3993 est,
325 3915 402 3979 ideo
425 3915 458 3979 ei
478 3915 624 3981 libenter
647 3923 684 3980 et
706 3915 903 3980 uoluntario
928 3935 973 3981 ex
995 3912 1145 3997 eoquod
1168 3913 1288 3997 accepi

234 4014 360 4080 iterum
381 4013 545 4082 retribuo.
598 4013 716 4080 Huius
739 4015 789 4079 rei
813 4017 928 4097 gratia
948 4015 1039 4079 hanc
1054 4013 1288 4092 donationem,

234 4115 300 4180 deo
334 4121 436 4192 teste,
470 4135 525 4179 me
560 4117 702 4181 uiuente
738 4115 902 4193 concedo,
939 4123 979 4180 ut
1014 4114 1225 4180 monasteria
1253 4121 1290 4180 et

234 4215 422 4282 aecclesiae
447 4233 469 4279 a
493 4217 640 4297 publicis
659 4216 889 4298 uectigalibus
909 4223 945 4282 et
964 4217 1008 4280 ab
1028 4216 1186 4282 omnibus
1207 4236 1289 4300 ope·
