3112 5032
322 415 388 480 214
573 430 745 478 oannrnn
768 431 1111 479 ancnosaxonrcnn.

328 611 420 657 anno
446 591 539 656 sacta
563 597 617 653 est
640 608 711 671 pax
736 588 827 652 inter
853 589 1047 653 Merciones
1077 595 1112 652 et
1143 587 1387 651 Occidentales

327 693 496 769 Saxones
511 697 546 755 et
560 709 637 752 cum
651 689 852 754 iuramentis
868 689 965 762 firmo
981 689 1117 752 foedere
1138 689 1301 751 roborata
1321 694 1387 764 est,

268 779 271 784 ¹
330 794 395 856 suh
409 793 546 873 regibus
562 788 780 854 Coenuuulfo
797 797 832 854 et
846 789 1051 872 Ecgberhto.
1106 788 1213 851 Hanc
1227 788 1387 852 donatio-

332 912 410 956 nem
430 892 616 967 consensit,
633 897 761 955 etcum
777 909 841 958 sua
855 909 959 956 manu
985 891 1124 971 signum
1148 889 1259 951 crucis
1285 888 1386 970 inpo-

332 994 414 1070 suit,
431 1012 508 1055 cum
531 991 700 1073 episcopis
715 997 751 1053 et
765 989 988 1073 principibus,
1003 1008 1150 1071 quorum
1172 988 1313 1051 nomina
1331 988 1387 1051 hic

333 1092 424 1156 insra
456 1092 640 1169 habentur,
662 1091 698 1153 in
730 1089 850 1154 eodem
876 1090 1035 1166 concilio,
1064 1089 1123 1171 qui
1153 1087 1280 1152 dicitur
1304 1086 1387 1152 Col·

334 1192 455 1275 leshyl.

388 1293 428 1372 »14
447 1291 523 1373 Ego
549 1289 724 1354 Coenuulf
740 1309 803 1354 rex
825 1309 960 1354 crucem
985 1288 1115 1353 Christi
1137 1285 1285 1370 inposui.
1343 1287 1384 1368 »14

336 1393 412 1474 Ego
438 1390 670 1456 Aethelheard
705 1390 983 1474 archiepiscopus
1014 1389 1182 1453 similiter.
1254 1387 1294 1467 »14
1312 1385 1390 1468 Ego

337 1493 513 1557 Unuuona
551 1490 744 1573 episcopus.
803 1495 841 1574 »14
859 1490 936 1573 Ego
966 1488 1165 1575 cyneberht
1194 1487 1389 1572 episcopus.

342 1595 382 1675 »14
399 1592 476 1674 Ego
492 1590 666 1656 Alcheard
681 1592 876 1675 episcopus.
934 1593 973 1672 »14
991 1589 1068 1673 Ego
1083 1587 1241 1654 Tidferth
1253 1587 1391 1668 episco-

337 1711 412 1773 pus.
472 1694 512 1774 »14
529 1691 605 1773 Ego
631 1690 823 1756 Ceolmund
855 1691 1023 1756 minister.
1074 1693 1114 1772 »14
1131 1690 1208 1772 Ego
1237 1686 1392 1752 Guthred

337 1791 417 1855 dux.
476 1793 515 1872 »14
533 1791 609 1873 Ego
623 1791 716 1856 Esne
740 1793 824 1857 dux.
883 1794 923 1873 »14
939 1790 1016 1872 Ego
1033 1791 1190 1854 Heabert
1204 1789 1284 1854 dux.
1344 1790 1385 1871 »14

339 1892 415 1973 Ego
432 1890 633 1973 Uuigheard
647 1892 729 1955 dux.

804 2017 925 2031 —u—a-

736 2113 982 2226 §LXXVIL

648 2265 669 2308 *
695 2264 979 2343 COENUULF,
1002 2265 1079 2330 799.

396 2397 495 2479 »141Ν
525 2397 664 2462 nomIne
693 2396 823 2460 domini
848 2396 902 2461 dei
934 2397 1120 2461 saluatoris
1147 2397 1256 2461 nostri
1286 2394 1393 2460 lhesu

342 2497 494 2562 Christi!
547 2497 623 2579 Ego
641 2495 772 2562 Genulf
789 2517 852 2560 rex
876 2517 946 2560 una
969 2517 1047 2562 cum
1068 2498 1214 2580 coniuge
1233 2515 1311 2560 mea
1327 2495 1394 2560 Ce-

340 2596 463 2680 negiha
494 2599 626 2680 regina,
663 2597 851 2662 reserentes
881 2599 1013 2680 gratias
1037 2598 1194 2680 largitori
1224 2598 1393 2661 bonorum

340 2698 478 2762 domino
503 2697 608 2762 Ihesu
632 2696 771 2762 Christo
793 2699 854 2781 qui
876 2698 1038 2763 dilatauit
1063 2698 1228 2762 terminos
1253 2707 1393 2761 nostros

340 2798 442 2862 iuxta
475 2805 657 2880 paternam
685 2799 940 2880 antiquitatem,
965 2801 1001 2862 in
1030 2817 1209 2862 commune
1237 2804 1393 2879 pertrac-

342 2899 492 2962 tauimus
510 2925 514 2935 ¹
530 2899 681 2982 aliquam
719 2907 853 2981 partem
887 2906 999 2963 terrae
1025 2899 1125 2962 nobis
1153 2898 1313 2962 conlatae
1347 2898 1393 2961 ad

340 2999 451 3061 uicem
474 3000 672 3080 rependere,
694 3019 738 3062 ne
762 2999 891 3081 ingrati
914 2998 970 3062 dei
991 2998 1164 3063 beneficiis
1187 2998 1394 3077 uideremur,

340 3098 498 3180 largitori
512 3106 641 3163 nostro.
695 3098 775 3178 Qua
791 3098 834 3162 de
846 3118 884 3162 re
899 3100 1101 3182 apraesenti
1116 3099 1172 3162 die
1187 3106 1222 3162 et
1237 3105 1393 3180 tempore

340 3197 403 3262 tihi
414 3200 545 3280 pastori
557 3207 593 3264 et
600 3197 751 3262 familiae
760 3199 946 3264 aecclesiae
957 3199 1086 3264 Christi
1100 3200 1233 3282 deoque
1244 3199 1393 3277 dicatae,

341 3305 468 3362 terram
491 3299 575 3363 iuris
602 3299 711 3363 nostri
731 3318 820 3382 quae
842 3300 911 3364 sita
925 3306 978 3364 est
1000 3301 1035 3363 in
1056 3299 1233 3382 prouintia
1246 3298 1391 3364 Cantiae

345 3418 434 3482 quae
456 3400 629 3480 quondam
654 3408 707 3464 est
730 3399 892 3482 Gedding
923 3407 958 3464 et
979 3398 1175 3477 Wudutun,
1199 3406 1393 3463 aratrorum

343 3515 423 3563 .1111.
449 3499 657 3563 contulimus
682 3500 718 3562 in
743 3508 947 3586 perpetuum
973 3500 1215 3583 possidendam
1249 3504 1285 3562 et
1314 3519 1393 3564 cum

342 3599 500 3662 omnibus
521 3599 565 3662 ad
589 3599 734 3663 eandem
757 3597 1008 3682 pertinentibus
1028 3601 1150 3683 pratis,
1168 3599 1310 3682 campis,
1334 3599 1393 3662 sil·

342 3698 407 3776 uis,
427 3699 577 3780 pascuis,
600 3707 634 3764 et
657 3700 818 3782 quicquid
841 3700 884 3764 ad
904 3700 1138 3783 supradictam
1162 3708 1289 3764 terram
1314 3718 1393 3782 per·

341 3799 441 3875 tinet,
457 3818 478 3862 a
493 3807 643 3881 quatuor
657 3801 825 3882 partibus
837 3801 990 3878 orientiS,
1006 3801 1204 3877 occidentis,
1221 3799 1394 3881 aquilonis

342 3905 377 3961 et
400 3899 564 3976 meridiei,
579 3904 640 3964 tuo
663 3901 741 3964 usui
764 3908 798 3964 et
812 3901 962 3963 familiae
982 3908 1075 3979 tuae,
1097 3909 1133 3966 et
1158 3899 1394 3964 remissionem

341 3996 475 4063 delictis
491 4000 629 4077 nostris,
648 3999 837 4082 ditionique
860 4001 1048 4079 subiciatis»,
1064 4000 1224 4078 teneatis,
1239 3999 1395 4081 posside·

342 4099 421 4176 atiS,
450 4098 598 4176 donetis,
627 4101 855 4179 commutetis,
889 4101 1107 4180 uenundetis,
1145 4101 1201 4165 uel
1229 4101 1392 4183 quicquid

341 4198 466 4261 exinde
490 4198 601 4263 facere
622 4201 813 4279 uolueritis,
829 4203 970 4266 liberam
993 4202 1148 4266 habeatis
1171 4207 1393 4284 potestatem,
