3188 5032
322 411 366 476 84
579 422 751 471 curarim
774 418 1115 468 luenosnxomcau.

325 586 463 650 audeat.
514 581 624 646 Terra
646 587 761 645 autem
780 578 866 641 haec
888 577 957 641 sita
979 576 1084 641 estin
1097 583 1215 640 monte
1237 584 1273 641 et
1286 576 1379 642 circa

326 691 478 749 montem
500 683 560 765 qui
581 680 707 745 dicitur
722 681 871 758 Brente;
894 677 1025 740 habens
1047 678 1092 741 ab
1114 676 1292 743 occidente
1315 677 1379 741 Sa·

327 787 473 861 brinam‚
507 782 551 845 ab
585 779 747 863 aquilone
773 776 903 854 Aram,
932 778 976 840 ab
1005 778 1137 841 oriente
1160 777 1310 855 Termic‚
1334 778 1379 840 ab

329 892 448 950 austro
475 882 586 963 Siger.
640 879 755 961 Siquis
784 897 866 941 uero
893 877 1080 959 cupiditate
1105 877 1254 941 inlectus
1281 877 1380 941 uolu-

329 985 396 1050 erit
413 983 546 1047 irritam
566 979 679 1044 facere
694 979 783 1042 hanc
801 977 1035 1054 donationem,
1053 977 1141 1040 sciat
1154 995 1192 1040 se
1210 978 1380 1042 rationem

331 1083 470 1148 domino
495 1081 719 1146 redditurum.
776 1079 815 1159 »Β
830 1076 907 1159 Ego
924 1075 1065 1140 Haeddi
1088 1078 1268 1161 episcopus
1298 1097 1380 1142 con·

331 1180 484 1248 sentiens
499 1179 647 1265 propriis
662 1178 821 1243 manibus
836 1177 1034 1258 subscripsi.

384 1279 485 1347 Haec
499 1282 589 1345 enim
604 1287 686 1344 sunt
701 1279 840 1342 nomina
862 1277 1002 1342 testium
1024 1278 1288 1358 subrogatorum
1303 1297 1382 1360 pos·

332 1384 469 1449 terioris
496 1381 672 1464 temporis,
698 1398 761 1462 pro
789 1378 929 1441 maioris
951 1377 1139 1442 munimine
1166 1377 1384 1442 firmamenti

339 1486 378 1566 »Β
397 1484 474 1566 Ego
504 1480 696 1546 Baldredus
724 1498 798 1542 rex,
855 1479 894 1558 ›1‹
915 1477 993 1560 Ego
1018 1477 1268 1542 Aethelbaldus
1308 1498 1383 1541 rex.

339 1586 379 1665 »1⁴
396 1584 473 1665 Ego
502 1579 747 1646 Hereuualdus
781 1577 978 1660 speculator
1000 1576 1186 1642 aecclesiae
1210 1579 1278 1657 dei,
1306 1597 1384 1641 cum

334 1683 451 1747 multis
479 1682 569 1746 aliis.
623 1680 689 1744 Isti
717 1677 877 1762 praefati,
901 1697 944 1741 ne
972 1678 1189 1761 sequentium
1211 1679 1384 1762 rapacitas

335 1782 613 1867 praecedentium
631 1781 836 1862 irrumperet
863 1778 1037 1855 instituta,
1061 1777 1128 1841 hiis
1155 1779 1271 1843 uerbis
1294 1778 1384 1842 inhi-

334 1885 500 1948 bitionem
535 1881 701 1945 indidisse
736 1879 909 1942 uidentur.
975 1878 1092 1960 Siquis
1132 1885 1248 1942 autem
1286 1879 1385 1942 uobis

335 1984 497 2065 deinceps
523 1989 677 2064 tempore
700 1977 766 2044 hoc
788 1977 988 2059 infringere,
1013 1984 1067 2042 tot
1089 1978 1280 2043 nobilitatis
1305 1997 1385 2060 gra·

337 2083 436 2147 dibus
451 2083 662 2159 roboratum,
679 2085 914 2162 praesumeret
925 2078 992 2155 ius,
1009 2078 1091 2141 sita
1111 2079 1284 2144 consortio
1299 2079 1386 2142 bene

336 2183 540 2246 merentium
562 2180 757 2255 anathema,
777 2178 1022 2261 rapaciumque
1036 2178 1183 2260 collegio
1202 2178 1387 2261 adplicitus

337 2281 542 2347 temeritatis
558 2300 641 2345 suae
652 2279 835 2344 commissa
849 2277 935 2354 luat,
945 2279 1010 2341 sub
1024 2277 1107 2341 diris
1123 2278 1283 2344 dentibus
1297 2279 1387 2342 sala·

337 2382 483 2460 mandri,
499 2381 697 2463 cerberique
719 2378 861 2442 rictibus
880 2383 1014 2444 reatum
1035 2377 1197 2443 exsoluat
1211 2379 1387 2461 proprium

338 2483 412 2547 sine
428 2483 496 2546 fine
509 2501 645 2564 semper
658 2497 826 2543 moerens.
866 2476 982 2559 Siquis
997 2497 1078 2542 uero
1093 2478 1254 2543 beniuole
1275 2479 1388 2542 inten-

338 2584 432 2646 tione
447 2583 562 2665 potius
581 2579 758 2664 praeditus
781 2578 867 2641 haec
886 2584 1011 2641 exacta
1034 2577 1199 2658 decernit,
1214 2579 1389 2661 possideat

338 2684 429 2747 bona
442 2681 652 2763 sempiterna
665 2699 744 2744 cum
758 2681 845 2743 bene
860 2677 1081 2742 merentibus.

784 3082 955 3149 LXXII.

377 3232 398 3274 *
422 3229 789 3296 AETHILBERHT
813 3233 878 3298 OF
903 3232 1054 3311 KENT,
1076 3232 1161 3316 July
1177 3229 1360 3309 llth,724.

395 3375 434 3454 ›1‹
458 3379 503 3444 Iu
528 3380 665 3444 nomine
693 3380 749 3444 dei
778 3382 962 3447 saluatoris
993 3381 1103 3446 nostri
1133 3381 1215 3446 Iesu
1241 3379 1390 3444 Christi!

345 3478 518 3559 Quoniam
539 3499 618 3563 spes
641 3479 916 3548 Christianorum
937 3482 1114 3546 hominum
1133 3481 1186 3545 bis
1204 3480 1393 3545 mercedem

335 3582 526 3664 pollicetur
549 3586 737 3658 aeternam,
761 3584 820 3663 qui
844 3603 908 3667 pro
935 3582 1065 3647 intuitu
1100 3581 1268 3659 caritatis,
1285 3580 1393 3645 seruis

344 3687 380 3745 et
410 3680 544 3745 ancillis
575 3679 630 3743 dei
668 3681 810 3762 aliquod
842 3683 1031 3765 temporale
1068 3680 1257 3746 subsidium
1292 3681 1393 3744 mise·

333 3781 523 3844 'ricorditer
559 3780 726 3858 tribuunt,
758 3781 882 3847 iccirco
914 3802 979 3865 ego
1005 3779 1266 3846 Aethilberhtus
1304 3780 1393 3843 filius

345 3881 487 3963 gloriosi
511 3879 602 3961 regis
618 3879 813 3960 Uuihtrcdi,
838 3902 915 3947 cum
945 3900 1115 3947 consensu
1133 3881 1239 3959 illius,
1267 3887 1393 3944 terram

331 3979 448 4046 ¹unius
470 3979 576 4045 aratri
591 3979 682 4043 circa
695 3981 822 4046 fiumen
838 3982 1033 4059 Limenaee‚
1047 4002 1151 4065 quam
1171 3981 1300 4045 dudum
1315 3999 1395 4063 pos-

334 4080 499 4144 siderant
513 4078 622 4162 quiin
638 4078 820 4146 Ieocaham
836 4103 899 4166 pro
916 4091 1069 4165 tempore
1083 4081 1297 4158 babitabant,
1316 4100 1395 4143 cum

346 4179 505 4243 omnibus
519 4179 563 4244 ad
576 4198 614 4244 se
626 4182 878 4262 pertinentibus
900 4185 1019 4260 rebus,‘
1030 4190 1066 4247 et
1081 4184 1148 4248 tria
1162 4181 1283 4264 iugera
1304 4180 1396 4264 prati
