3188 5032
327 413 392 478 130
581 427 755 476 colurna
778 423 1122 476 nucnosnxomcnu.

330 587 424 652 illius
441 585 484 650 ad
499 583 684 649 utilitatem
697 583 823 648 ibidem
845 585 911 650 deo
933 585 1158 649 seruientium
1181 584 1387 664 famulorum

281 769 285 774 Ι
333 687 463 751 Christi
491 693 528 749 et
554 683 760 748 famularum
785 691 1030 765 construatur;
1053 686 1097 749 ad
1123 686 1213 752 banc
1228 686 1389 751 uidelicet

334 787 577 862 conditionem,
604 793 644 850 ut
668 784 832 868 quicquid
860 785 897 849 in
919 785 991 850 suis
1018 785 1248 851 mercimoniis
1274 787 1310 850 iu
1336 786 1388 849 di·

333 887 444 951 uersis
466 885 642 968 speciebus
665 885 846 968 adquirere
871 886 1018 968 possint,
1041 887 1140 950 nobis
1162 886 1309 950 fideliter
1333 887 1386 949 in-

333 987 462 1052 offense
477 985 597 1050 offerre
612 986 772 1063 debeant,
789 986 890 1050 simui
906 1005 984 1050 curn
996 987 1074 1068 ipsa
1091 987 1185 1064 naui,
1208 985 1252 1050 ad
1274 986 1387 1050 locum

333 1088 394 1170 qui
422 1086 618 1169 appellatur
642 1085 841 1150 Forduuic.-
885 1086 933 1150 Et
955 1086 1150 1169 quicunque
1175 1087 1217 1150 de
1240 1086 1305 1150 bac
1325 1086 1387 1150 do·

334 1187 476 1254 natione
504 1192 635 1262 nostra,
666 1185 758 1268 quod
791 1185 896 1249 etiam
934 1187 1130 1269 specialiter
1160 1187 1388 1269 omnipotenti

333 1288 398 1352 deo
423 1287 566 1351 firmiter
582 1305 784 1350 concessum
808 1293 873 1362 est,
890 1285 1020 1368 aliquid
1034 1287 1167 1352 nefario
1188 1286 1388 1352 calliditatis

333 1407 423 1452 ausu
451 1386 649 1451 abstrahere
671 1387 728 1450 uel
749 1386 904 1450 minuere
931 1387 1165 1469 temptauerit,
1190 1387 1279 1451 sciat
1303 1407 1340 1450 se
1366 1406 1389 1450 a

334 1487 508 1552 consortio
522 1481 721 1551 sanctornm
743 1486 894 1551 omnium
921 1494 1130 1570 separatum,
1156 1494 1292 1552 etcum
1313 1487 1387 1551 dia·

334 1587 414 1652 bolo
428 1594 463 1651 et
476 1587 610 1668 angelis
630 1587 703 1650 eius
726 1585 764 1650 in
784 1594 989 1669 perpetuum
1005 1606 1081 1651 esse
1105 1587 1384 1670 dampnandum

334 1687 497 1770 quoniam
524 1695 682 1752 sanctum
706 1687 821 1751 locum
850 1687 954 1750 istum
983 1687 1210 1753 debonestare
1238 1693 1385 1752 conatus

333 1793 399 1866 est,
427 1787 463 1850 in
489 1805 558 1869 quo
579 1787 681 1869 primi
706 1786 941 1869 apostolorum
966 1788 1131 1872 principis
1155 1788 1253 1852 Petri
1276 1789 1384 1852 inter-

334 1886 445 1952 cessio
481 1887 694 1953 orationibus
723 1885 872 1950 assiduis
903 1894 938 1950 et
966 1886 1160 1954 elemosinis
1190 1887 1292 1953 floret
1321 1907 1386 1970 pro

335 1985 429 2052 omni
444 1987 573 2070 populo
592 1986 792 2052 christiano.
853 1985 985 2052 Iccirco
1006 1989 1129 2054 uiuens
1150 1988 1389 2054 benedictione

335 2088 391 2152 dei
405 2087 547 2165 carebit,
562 2095 597 2152 et
611 2088 761 2151 moriens
783 2087 1016 2152 maledictioni
1030 2090 1167 2154 debitae
1186 2089 1389 2165 subiacebit,

336 2188 403 2252 nisi
425 2187 531 2270 digna
553 2187 790 2252 satisfactione
812 2187 1057 2270 emendauerit,
1072 2188 1164 2273 quod
1184 2208 1295 2272 nuper
1312 2195 1388 2253 stu·

335 2287 412 2353 duit
435 2288 637 2371 deprauare.
682 2286 899 2370 Quicunque
913 2307 997 2352 uero
1018 2290 1107 2356 haee
1127 2289 1287 2371 augendo
1310 2309 1388 2354 cus·

336 2387 486 2467 todien't,
512 2389 558 2453 sit
585 2388 786 2453 benedictus
816 2387 1069 2472 inperpetuum,
1091 2398 1127 2455 et
1153 2389 1389 2454 beatissimam

335 2509 457 2554 uocem
480 2488 599 2553 audire
618 2494 791 2554 mereatur
805 2507 884 2552 cum
904 2491 1050 2570 sanctis,
1073 2490 1203 2556 Uenite
1217 2488 1390 2555 benedicti

337 2589 447 2673 patris
460 2589 539 2653 mei.

392 2691 431 2772 ›1‹
446 2688 524 2772 Ego
539 2688 733 2754 Eadbertus
746 2707 810 2752 rex
823 2687 1142 2755 bancdonationem
1156 2705 1180 2754 a
1191 2707 1247 2754 me
1259 2688 1389 2755 sactum

336 2788 477 2872 propria
491 2807 597 2853 manu
610 2789 711 2871 signo
726 2795 869 2854 mactae
887 2790 999 2856 crucis
1024 2790 1198 2854 roboraui.
1254 2789 1295 2870 ›1‹
1312 2788 1391 2872 Ego

338 2889 579 2971 Bregouuinus
609 2888 887 2973 archiepiscopus
920 2889 965 2954 ad
996 2889 1198 2973 petitionem
1225 2889 1392 2955 Eadberti

336 2988 429 3071 regis
444 2989 582 3071 signum
595 2997 739 3055 sanctae
753 2990 865 3054 crucis
878 2991 1045 3074 expressi.
1099 2990 1140 3071 ›1‹
1157 2990 1302 3072 Signum
1315 3009 1390 3054 ma-

336 3107 402 3152 nus
417 3089 584 3154 lamberti
604 3088 751 3155 abbatis.
809 3091 848 3172 ›1‹
862 3089 1009 3173 Signum
1027 3109 1151 3156 manus
1182 3090 1304 3155 Daene
1329 3090 1391 3158 ab.-

337 3189 440 3254 batis.
495 3191 536 3272 ›1‹
551 3189 697 3272 Signum
719 3190 831 3254 Bruni
849 3192 996 3256 abbatis.
1051 3192 1092 3273 ›1‹
1108 3190 1253 3273 Signum
1266 3209 1391 3256 manus

323 3287 541 3356 ¹Baltbeardi
565 3290 713 3356 comitis.
770 3291 809 3372 ›1‹
825 3289 971 3374 Signum
991 3290 1189 3358 Eatbelbun
1213 3290 1391 3375 principis.

341 3391 382 3472 ›1‹
399 3389 543 3472 Signum
555 3408 678 3455 manus
688 3389 858 3456 Redfn'di.
908 3393 947 3474 ›1‹
964 3391 1108 3475 Signum
1117 3381 1240 3457 manus
1252 3390 1389 3462 Budda.

342 3491 383 3572 ›1‹
401 3490 546 3572 Signum
573 3509 697 3555 manus
727 3490 953 3557 Eatbelberti.
1031 3492 1071 3573 ›1‹
1090 3491 1235 3576 Signum
1267 3510 1392 3556 manus

338 3589 470 3655 Eadda.
527 3591 567 3672 ᾖ
583 3590 727 3673 Signum
747 3611 869 3656 manus
890 3592 1047 3676 Egesa'si.
1103 3594 1144 3675 ›1‹
1160 3592 1305 3675 Signum
1317 3610 1392 3657 ma·

338 3708 404 3754 nus
419 3689 561 3756 Aldred.
614 3715 618 3720 ’
1052 3739 1057 3746 -
