3172 5030
325 403 370 470 32
583 421 756 471 οΗΑκτΑΕ
778 418 1121 470 sucnosnxosronn.

753 593 953 658 XXVIII.

601 744 622 788 ⁴*
647 739 899 822 BALDRED,
914 741 1008 826 Aug.
1023 733 1113 806 688.1

382 885 421 967 ›1‹
441 882 487 948 ΙΝ
510 884 647 949 nominc
660 885 791 950 domini
803 884 859 949 dei
880 883 991 948 nostri
1010 891 1047 947 et
1064 883 1250 948 saluatoris
1269 887 1380 952 nostri

328 985 410 1050 Iesu
424 983 573 1050 christi!
618 984 717 1050 Nihil
729 985 908 1050 intulimus
916 985 953 1048 in
965 984 1056 1048 hunc
1067 984 1244 1064 mundum,
1260 1006 1381 1051 uerum

328 1105 392 1150 nec
405 1084 540 1151 auferre
554 1085 637 1169 quid
651 1105 855 1169 possumus3
871 1085 995 1150 iccirco
1015 1085 1161 1149 terrenis
1185 1105 1227 1150 ac
1242 1087 1382 1152 caducis

326 1193 469 1251 aeterna
479 1186 638 1252 coelestis
650 1188 784 1269 patriae
796 1186 950 1270 praemia
961 1186 1146 1250 mercanda
1157 1194 1250 1252 sunt.
1285 1187 1381 1266 Qua·

326 1293 469 1369 propter
490 1307 556 1370 ego
581 1287 732 1352 Baldred
758 1288 909 1370 aliquam
935 1294 1063 1351 terram
1079 1284 1241 1351 Aldelmo
1264 1289 1380 1354 abbati

327 1387 525 1470 impendere
545 1387 694 1465 decreui,
715 1388 751 1451 id
775 1396 829 1453 est
851 1388 952 1453 iuxta
974 1387 1102 1452 flumen
1118 1384 1222 1451 Abon
1239 1394 1274 1453 et
1288 1388 1379 1454 circa

326 1487 451 1552 siluam
467 1507 556 1571 quae
572 1495 718 1553 uocatur
732 1487 953 1570 Stelcanleag
967 1494 1003 1552 ct
1019 1486 1244 1570 Crebanburg
1256 1505 1288 1553 c.
1304 1509 1377 1554 ma·

325 1595 469 1667 nentes3
494 1594 530 1652 ct
545 1589 589 1652 ab
615 1608 657 1653 eo
683 1605 715 1653 c.
742 1595 898 1654 cassatos
921 1608 985 1672 pro
1010 1588 1086 1652 uice
1111 1590 1259 1671 suscepi,
1273 1590 1308 1654 id
1325 1598 1378 1655 est

326 1707 372 1752 ex
388 1688 493 1771 plaga
509 1688 668 1753 orientali
688 1689 798 1754 siluae
812 1689 911 1753 cuius
925 1688 1132 1756 uocabulum
1146 1696 1200 1753 est
1216 1690 1377 1756 Bradon:

326 1796 362 1853 et
376 1786 441 1852 hoc
456 1789 691 1854 cumconsilio
705 1797 741 1854 et
755 1790 1015 1855 confirmatione
1029 1788 1224 1854 Kentuuini
1237 1792 1328 1873 regis
1343 1801 1379 1858 et

325 1889 478 1953 omnium
500 1888 695 1973 principum
719 1909 760 1955 ac
781 1897 980 1955 senatorum
1002 1889 1076 1953 eius
1090 1890 1290 1955 roboratum
1312 1900 1376 1957 est.

325 1987 364 2053 Si
377 1989 456 2072 quis
470 1996 592 2054 contra
607 1990 693 2055 haec
707 1991 837 2073 scripta
850 1991 969 2055 uenire
984 1991 1218 2072 temptauerit,
1233 1992 1322 2056 sciat
1338 2012 1376 2057 se

322 2096 407 2154 ante
425 2090 577 2154 tribunal
596 2091 729 2155 aeterni
750 2091 873 2155 iudicis
897 2099 933 2156 et
957 2109 1073 2156 coram
1091 2091 1221 2156 sanctis
1241 2093 1376 2174 angelis

323 2190 492 2255 rationem
514 2190 738 2256 redditurum.
780 2190 919 2275 Scripta
933 2199 987 2256 est
1003 2190 1088 2255 haec
1103 2191 1258 2270 donatio,
1271 2192 1376 2258 immo

323 2290 454 2356 uicaria
471 2293 707 2369 commutatio,
726 2310 843 2356 mense
857 2290 1033 2374 Augusto,
1059 2290 1138 2355 Ind.
1155 2294 1193 2370 1⁸,
1209 2290 1314 2358 Anno
1330 2297 1375 2358 ab

323 2390 561 2456 incarnatione
579 2390 709 2456 Christi
725 2409 784 2456 nc.
799 2393 1036 2474 octuagesimo
1052 2399 1189 2456 octauo.

379 2493 418 2573 ›1‹
434 2491 511 2574 Ego
537 2491 676 2558 Headdi
699 2493 881 2576 episcopus
909 2492 1122 2558 confirmaui.
1179 2482 1375 2575 fflSignum

323 2611 446 2656 manus
462 2590 690 2679 Ceduuallani
699 2593 803 2675 regis.
849 2591 1039 2676 fflSignum
1057 2612 1181 2658 manus
1198 2593 1373 2660 Baldredi.

328 2693 369 2774 ›1‹
383 2691 527 2775 Signum
551 2713 675 2758 manus
698 2693 782 2759 cisi.
840 2694 879 2774 ›1‹
901 2692 978 2778 Ego
1002 2693 1154 2760 Uuudda
1176 2695 1377 2781 subscripsi.

328 2792 452 2877 *Ego
470 2791 728 2860 Uuinborchtus
744 2793 944 2878 subscripsi.

785 2987 906 2999 ιι-ι-ι

772 3108 934 3174 ΧΧΙΧ.

322 3257 344 3301 *
361 3253 741 3322 CAEDUUEALHA
764 3256 829 3321 OF
844 3255 1062 3336 WESSEX,
1076 3256 1171 3343 Aug.
1187 3259 1281 3339 l9th,
1297 3261 1374 3329 688.

371 3400 410 3482 >1⁴
435 3407 481 3471 ΙΝ
499 3406 636 3472 nominc
652 3407 782 3472 domini
795 3409 905 3474 nostri
924 3409 1006 3474 Iesu
1022 3407 1151 3475 Christi
1167 3412 1375 3479 saluatoris!

320 3508 448 3574 Omnia
474 3527 564 3592 quae
594 3507 757 3572 uidentur
783 3509 987 3592 temporalia
1018 3517 1112 3588 sunt,
1135 3519 1171 3576 et
1193 3532 1283 3595 quae
1305 3535 1376 3580 non

317 3609 479 3676 uidentur
503 3614 644 3672 aeterna
668 3615 771 3673 sunt:
798 3617 833 3674 et
852 3610 977 3674 iterum
997 3611 1130 3675 lubrica
1147 3613 1276 3678 saeculi
1302 3614 1373 3680 sra-

317 3710 434 3791 gilitas
451 3707 655 3786 ostenditur,
675 3728 753 3772 cum
766 3730 829 3792 per
850 3711 996 3775 eundem
1018 3713 1214 3794 apostolum
1237 3713 1373 3794 dicitur,

318 3809 416 3875 Nihil
437 3809 618 3874 intulimus
639 3809 676 3873 in
699 3809 790 3874 bunc
813 3812 990 3890 mundum,
1013 3831 1133 3876 uerum
1155 3833 1220 3880 uec
1237 3815 1373 3881 auferre

352 4008 424 4060 ¹'l'ba
444 4010 554 4060 mention
572 4009 601 4058 ol
615 4009 753 4060 Centuuini
771 4010 831 4060 here
855 4009 889 4073 is,
906 4011 962 4060 that
978 4011 1010 4060 ha
1029 4011 1091 4062 does
1109 4018 1153 4064 not
1171 4030 1268 4076 appear
1281 4032 1372 4080 among

314 4081 338 4130 is
361 4081 520 4145 suspicions:
548 4079 580 4129 be
605 4095 660 4130 was
684 4095 716 4130 no
742 4081 831 4144 longer
855 4081 896 4130 the
914 4082 1058 4145 wimannus,
1077 4083 1154 4133 while
1172 4085 1212 4134 his
1231 4101 1371 4152 successor,

313 4151 376 4214 king
387 4151 416 4200 of
424 4152 533 4200 Wessex
551 4151 577 4198 in
594 4155 652 4201 688.
695 4150 748 4200 Tha
765 4158 832 4202 most
856 4152 1126 4215 Caeduuealha,does.
1156 4155 1233 4218 Now,
1244 4157 1287 4207 the
1298 4159 1372 4208 dates

312 4222 470 4272 remarkable
493 4222 685 4284 circumstance,
702 4221 830 4286 however,
854 4223 907 4272 suit
917 4223 1102 4274 Caednuaalha
1112 4225 1246 4288 persectly.
