3188 5032
497 472 670 520 cunnum
693 471 1036 522 nocuosnxorucnu.
1223 459 1288 522 115

690 727 834 795 XCVI.

438 875 713 943 EARDUULF
738 878 803 943 OF
827 876 979 958 KENT,
1001 880 1080 944 747.

276 1029 331 1108 ›1‹
346 1025 392 1091 Iu
403 1027 541 1090 nomine
551 1025 607 1090 dei
617 1025 760 1092 summi!
785 1025 824 1090 M
829 1027 891 1090 ulti
904 1026 1042 1110 quidem
1049 1025 1086 1090 in
1096 1026 1162 1092 hoc
1170 1028 1287 1092 seculo

236 1127 517 1191 constitutionem
540 1134 577 1190 et
600 1127 834 1191 narrationem
858 1127 1079 1208 antiquorum
1100 1147 1164 1212 pro
1186 1127 1287 1192 huius

236 1227 330 1291 ruitae
344 1226 464 1291 fauore
486 1234 523 1291 et
542 1226 1032 1310 concupiscentiadeprauare
1055 1228 1171 1292 conati
1192 1235 1286 1305 suut,

237 1328 296 1409 qui
316 1327 417 1392 istius
442 1327 726 1412 aerumnirseouli
747 1327 885 1392 laudem
907 1334 1090 1409 quaerunt,
1111 1334 1147 1390 et
1177 1327 1287 1392 multo

238 1428 348 1510 magis
361 1426 557 1491 hominibus
570 1427 708 1510 placere
721 1446 825 1509 quam
839 1426 903 1491 deo
918 1427 1086 1508 diligunt3
1110 1427 1288 1509 sicutipse

237 1533 452 1611 procurator,
469 1527 607 1591 nomine
624 1526 824 1605 Uualhhun,
838 1534 961 1592 contra
977 1527 1175 1610 episcopum
1192 1526 1287 1592 Hro-

236 1627 342 1692 fensis
367 1627 532 1692 ecclesiae
554 1627 629 1691 sine
650 1627 904 1692 intermissione
924 1644 1147 1710 congressum
1168 1627 1290 1691 discri-

237 1729 321 1792 mini
334 1727 428 1806 secit,
442 1729 535 1791 circa
553 1745 736 1809 porcorum
749 1747 880 1810 pascua
899 1728 937 1790 in
954 1727 1043 1791 silba
1056 1746 1147 1810 quae
1166 1729 1286 1811 appel-

236 1828 328 1893 latus
339 1836 393 1893 est
404 1826 772 1894 caestruuarouunlth.
803 1828 935 1892 Iccirco
948 1829 989 1910 ›1‹
1002 1846 1068 1910 ego
1077 1827 1288 1892 Barduulfus

237 1949 300 1993 rex
325 1927 592 1993 Cantuariorum
621 1928 874 1994 conflictionem
905 1947 1024 1992 eorum
1051 1927 1095 1991 ad
1123 1927 1286 1992 nichilum

236 2029 367 2112 redigo,
382 2031 465 2113 quia
474 2048 591 2093 coram
601 2030 749 2093 testibus
760 2036 796 2093 et
805 2028 1029 2111 optimatibus
1040 2028 1126 2091 meis
1135 2029 1288 2092 concedo

237 2129 282 2194 ad
312 2130 492 2194 eeclesiam
518 2135 661 2193 sanctae
689 2127 863 2206 Andreae,
888 2148 952 2211 pro
974 2127 1123 2193 remedio
1152 2130 1288 2192 animae

237 2249 334 2294 meae
347 2237 452 2313 atque
472 2249 626 2295 meorum
645 2235 819 2310 patruum,
835 2244 904 2292 xu.
921 2247 1089 2310 greguum
1103 2247 1286 2311 porcorum

239 2331 283 2395 ad
302 2331 509 2395 serbandmn
527 2330 565 2395 iu
581 2328 728 2411 publicis
748 2329 847 2406 locis,
871 2327 906 2392 id
926 2334 980 2393 est
998 2335 1038 2391 ut
1050 2328 1155 2392 incoli
1176 2329 1287 2393 nomi-

238 2431 344 2495 nandi
373 2431 503 2509 dicunt,
527 2427 734 2514 Holauspic,
757 2428 846 2492 alius
869 2426 1138 2512 Paetlanhrygc,
1160 2429 1288 2492 tercius

238 2529 447 2614 Lindhrygc.
500 2530 581 2596 Hoc
596 2535 712 2594 autem
726 2545 889 2594 numerus
905 2543 974 2592 xii.
989 2545 1133 2610 gregum
1155 2516 1288 2594 inistis

237 2633 348 2696 tribus
370 2630 526 2716 portibus
555 2629 778 2712 singulariter
799 2629 837 2692 iu
863 2646 934 2692 uuo
955 2647 1092 2710 quoque
1116 2635 1286 2696 teneatur.

239 2732 277 2796 Si
291 2733 369 2814 quis
383 2750 478 2810 uero,
493 2729 587 2814 quod
604 2730 707 2807 absit,
726 2727 890 2793 heredum
907 2745 1060 2792 meorum
1073 2727 1164 2792 hauc
1178 2729 1287 2795 dona-

238 2833 366 2896 tionem
380 2831 569 2914 iufringere
590 2836 652 2894 aut
673 2829 827 2893 minuere
847 2835 1059 2912 praesumat,
1074 2829 1163 2893 sciat
1183 2848 1221 2893 se
1243 2832 1288 2895 ab

238 2932 466 3016 omnipotenti
490 2932 554 2997 deo
568 2936 603 2996 et
623 2949 645 2993 a
668 2936 866 2994 sanctornm
889 2929 1091 3011 angelorum
1114 2931 1288 2996 consortio

239 3039 449 3117 separatum,
460 3033 540 3096 etin
550 3037 694 3096 aeterna
702 3030 893 3113 perditione
902 3029 1115 3107 damnatum,
1125 3039 1288 3096 manente

238 3132 304 3198 hac
317 3133 505 3199 donatione
524 3149 603 3196 moa
623 3130 661 3194 iu
681 3149 747 3194 sua
766 3129 1010 3195 nichilominus
1022 3129 1186 3194 firmitate
1207 3151 1286 3215 per-

238 3241 385 3299 seueret.

239 3359 242 3366 ·
289 3332 395 3400 Anno
409 3332 454 3396 ab
467 3329 705 3396 incarnatione
717 3327 859 3409 Christi,
873 3345 1035 3394 noonxu.
1050 3329 1172 3394 indict.
1188 3347 1250 3396 xv,

293 3434 427 3518 &Ego
456 3430 667 3496 Earduulfus
694 3451 757 3495 rex
784 3428 1064 3507 cantuariorum,
1090 3430 1289 3513 supradicta

238 3536 356 3600 omnia
383 3533 505 3599 uolens
532 3531 744 3608 confirmabi,
772 3537 809 3594 et
835 3531 973 3612 siguum
1001 3537 1144 3594 sanctae
1176 3533 1288 3594 crucis

239 3635 408 3718 impressi.
472 3633 512 3715 ›1‹
540 3631 618 3714 Ego
650 3629 906 3696 cuthberchtus
939 3629 1055 3712 gratia
1083 3629 1140 3694 dei
1176 3630 1288 3695 archi-

239 3737 421 3819 episcopus
445 3733 490 3797 ad
516 3731 717 3816 petitionem
749 3729 928 3795 Earduulfi
953 3729 1105 3812 episcopi
1130 3733 1290 3796 consensi

237 3842 275 3900 et
296 3832 495 3916 subscripsi.
567 3833 606 3915 ›1‹
636 3832 713 3915 Ego
738 3829 1021 3897 nethilberchtus
1045 3849 1109 3894 rex
1142 3828 1289 3896 canuae

239 3935 400 4001 consensi
421 3940 457 3999 et
478 3932 677 4016 subscripsi.
733 3934 773 4016 ›1‹
791 3933 868 4016 Ego
883 3929 1053 3996 Balthard
1074 3931 1232 3995 consensi
1255 3938 1290 3996 et

240 4034 441 4120 subscripsi.
496 4035 535 4114 ›1‹
556 4032 633 4115 Ego
650 4031 878 4097 Duunuualla
891 4029 1090 4114 subscripsi.
1151 4031 1192 4111 ›1‹
1213 4029 1289 4114 Ego

239 4134 440 4203 Aethelhuu
464 4133 663 4216 subscripsi.
730 4131 770 4213 ›1‹
794 4131 872 4214 Ego
895 4129 1067 4195 Aldbcrht
1089 4131 1289 4214 subscripsi.

244 4239 284 4321 ›1‹
312 4239 390 4324 Ego
418 4236 517 4302 Ruta
544 4233 743 4318 subscripsi.
810 4232 850 4314 ›1‹
880 4231 957 4316 Ego
989 4229 1179 4298 Folcuniue
1209 4233 1291 4298 sub·

1099 4331 1141 4377 12
