3172 5030
463 439 635 490 cnnnrnn
658 439 1000 490 nuomsaxomcan.
1210 428 1255 492 15

201 611 358 669 turarum
371 599 541 666 flectenda
558 608 641 664 sunt
662 600 897 682 gubernacula
920 601 1100 683 tociusque
1121 601 1255 684 nauigii

203 710 379 768 armatura
403 708 508 784 atque
529 701 760 766 instrumenta
785 701 963 783 paranda;
987 703 1150 785 quatinus
1173 721 1253 784 gar-

203 803 279 868 rulo
302 822 503 887 syrenarum
525 801 677 865 carmine
698 809 827 885 spreto,
856 802 942 867 ratis
965 809 1059 866 recto
1083 822 1188 867 cursu
1209 803 1255 866 ad

204 912 341 987 portum
376 904 510 986 patriae
544 921 707 985 prospere
743 903 962 985 perducatur.
1022 901 1253 982 Quamobrem

206 1023 270 1087 ego
287 1004 490 1070 Leutherius
512 1005 627 1085 gratia
640 1004 696 1069 dei
710 1004 904 1086 episcopus,
924 1003 1145 1086 pontificatus
1163 1004 1253 1070 Sax-

206 1107 295 1171 oniae
306 1105 540 1187 gubernacula
555 1124 691 1188 regens,
704 1112 847 1187 rogatus
863 1106 908 1169 ab
922 1105 1104 1169 abbatibus
1119 1106 1179 1188 qui
1188 1106 1254 1170 sub

205 1206 278 1275 iure
291 1206 475 1288 parochiae
487 1213 627 1271 nostrae
648 1205 840 1272 coenobiali
861 1205 1107 1270 monachorum
1123 1207 1254 1288 agmini

204 1308 373 1390 pastorali
393 1307 624 1374 sollicitudine
646 1326 805 1390 praeesse
829 1314 1031 1384 noscuntur,
1051 1307 1103 1370 uti
1126 1314 1254 1372 terram

205 1409 301 1472 illam
335 1409 391 1471 cui
422 1408 629 1473 uocabulum
658 1416 712 1472 est
740 1407 1044 1489 Mealdumesburg
1070 1405 1256 1474 aldhelmo

207 1509 397 1591 presbitero
421 1508 464 1572 ad
499 1508 690 1589 degendam
725 1509 930 1590 regulariter
961 1508 1071 1572 uitam
1099 1508 1253 1573 conferre

207 1608 394 1690 largirique
416 1609 596 1690 dignarer:
628 1609 665 1671 in
696 1627 766 1690 quo
792 1608 952 1672 uidelicet
982 1608 1059 1673 loco
1095 1627 1117 1672 a
1145 1610 1255 1693 primo

209 1728 296 1773 aeuo
317 1708 489 1773 infanciae
508 1716 612 1790 atque
635 1709 679 1772 ab
700 1709 776 1791 ipso
798 1709 967 1792 tyrocinio
986 1709 1255 1776 rudimentorum

208 1810 392 1874 liberarum
412 1809 610 1873 liberalibus
632 1810 824 1874 litterarum
846 1810 969 1874 studiis
985 1810 1139 1874 eruditus
1162 1818 1197 1875 et
1218 1812 1255 1875 in

208 1911 339 1992 gremio
355 1918 496 1976 sanctae
513 1911 633 1976 matris
648 1911 813 1976 ecclesiae
835 1911 987 1976 nutritus
1012 1912 1121 1976 uitam
1142 1912 1256 1991 duxit,

209 2019 244 2078 et
265 2014 310 2077 ob
333 2010 398 2076 hoc
418 2012 635 2094 potissimum
653 2011 744 2076 hanc
765 2013 972 2095 peticionem
995 2032 1146 2096 superna
1167 2014 1256 2078 cari·

209 2119 263 2177 tas
286 2131 471 2195 suggerere
492 2114 650 2179 uidetur:
675 2111 897 2196 Quapropter
918 2113 1170 2196 praedictorum
1195 2116 1256 2179 ab·

209 2216 328 2280 batum
350 2214 508 2296 precibus
530 2234 699 2292 annuens,
723 2215 837 2296 ipsum
863 2214 977 2278 locum
998 2215 1041 2278 de
1064 2234 1133 2297 qno
1152 2212 1279 2298 supra

208 2315 421 2380 mencionem
435 2313 577 2378 fecimus
596 2322 669 2378 tam
686 2315 763 2391 sibi,
783 2334 887 2398 quam
909 2316 980 2378 suis
1002 2317 1258 2381 successoribus

209 2434 365 2480 normam
373 2421 515 2478 sanctae
526 2415 666 2496 regulae
679 2415 812 2480 sollerti
824 2414 1008 2480 deuotione
1021 2418 1258 2500 sequentibus,
1318 2402 1322 2407 ’

211 2533 361 2597 superna
384 2514 554 2596 peticione
578 2522 732 2592 coactus,
754 2514 932 2579 ultroneus
962 2517 1141 2599 impend03
1172 2537 1260 2600 qua-

211 2617 305 2680 tinus
320 2615 357 2678 in
371 2614 523 2680 futuram
538 2616 788 2699 posteritatem,
801 2623 934 2681 remota
948 2618 1041 2684 omni
1054 2618 1259 2701 disceptaci·

212 2737 318 2781 onum
340 2715 502 2781 conflictu
520 2717 772 2799 ingruencium,
792 2718 908 2801 quiete
931 2719 1096 2783 continua
1117 2727 1155 2784 et
1172 2731 1259 2803 paca

211 2825 378 2901 perpetua
391 2817 456 2882 deo
469 2817 628 2882 famulari
650 2818 725 2882 sine
738 2819 972 2902 inpedimento
986 2820 1140 2885 ualeant.
1190 2821 1259 2886 Sed

212 2939 255 2984 ne
278 2918 368 2984 forte
388 2919 622 2985 contencionis
650 2920 786 2986 occasio
813 2921 974 3003 deinceps
1000 2927 1165 3004 emergat,
1193 2922 1260 2989 hao

210 3020 355 3086 rationis
379 3020 582 3086 condicione
602 3022 807 3104 interposita
827 3023 993 3087 roborans
1015 3021 1193 3105 confimo,
1219 3033 1260 3092 nt

212 3122 327 3185 nullus
354 3121 613 3186 succedencium
634 3122 771 3187 demum
793 3124 1030 3207 episcoporum
1051 3145 1114 3191 seu
1139 3147 1260 3210 regim

211 3221 300 3288 hanc
329 3213 469 3286 nostrae
504 3223 704 3287 donacionis
739 3224 909 3288 cartulam
941 3229 1123 3311 tyrannica
1150 3227 1260 3292 fretus

209 3329 383 3405 potestate
395 3322 567 3388 uiolenter
578 3324 742 3405 inuadat;
759 3343 917 3389 asserens
930 3326 1151 3409 pertinaciter
1166 3329 1259 3410 quod

212 3422 254 3488 de
263 3423 337 3488 iure
350 3425 534 3504 potestatis
547 3425 766 3508 episcopatus
778 3426 933 3490 ablatum
940 3433 1263 3510 sequestratumque

212 3523 319 3588 luisse
341 3523 527 3590 uideretur.
578 3525 624 3589 Et
645 3526 769 3590 iccirco
788 3526 965 3590 sciendum
993 3534 1048 3590 est
1075 3535 1111 3590 ot
1140 3534 1264 3592 contra

213 3624 366 3688 aemulos
393 3625 692 3706 promulgandum,
719 3625 940 3708 multomagis
965 3646 1019 3690 me
1046 3626 1262 3694 commodum

213 3731 502 3806 augmentumque
524 3725 732 3806 pontificalis
754 3725 921 3792 ecclesiae
942 3726 1124 3806 addidisse,
1155 3749 1260 3812 quam

214 3845 275 3907 per
300 3825 371 3890 uim
393 3825 615 3889 abstraxisse.
668 3826 850 3893 Postremo
870 3833 912 3891 ut
936 3828 1065 3893 tirmior
1084 3830 1264 3912 praefatae

212 3925 412 3991 donacionis
431 3925 573 4008 largicio
593 3925 720 4008 iugiter
741 3947 905 3994 mansura
922 3931 978 4007 sit,
992 3931 1185 4013 praedictos
1200 3935 1262 3998 ab·

212 4029 310 4092 batos
337 4027 484 4109 propriis
509 4027 670 4092 manibus
695 4030 908 4094 subscribere
933 4030 1105 4096 iussimus.
1158 4033 1262 4113 Quod

212 4129 344 4212 siquis
375 4127 459 4192 haec
488 4129 617 4211 scripta
646 4137 681 4194 et
711 4130 849 4194 decreta
879 4139 1017 4196 nostrae
1045 4131 1264 4200 diffinicionis

211 4229 310 4294 irrita
341 4228 453 4294 facere
482 4229 623 4309 nitetur,
653 4231 741 4296 sciat
767 4249 807 4295 se
835 4240 916 4296 ante
952 4231 1105 4300 tribunal
1133 4233 1263 4301 Christi
