3188 5032
324 399 369 464 46
582 415 754 464 cunn'rnn
777 413 1118 463 Anonosnxourcns.

326 577 413 652 buit,
436 575 540 640 immo
566 573 671 640 etiam
696 573 823 639 eisdem
847 573 933 658 ipsis
959 575 1209 639 momentaneis
1238 582 1380 640 aeterna

323 695 429 760 posse
448 675 592 740 mercari
607 676 821 758 promiserit:
845 677 1067 758 quamobrem
1083 696 1148 758 ego
1164 675 1377 756 Caeduuala,

327 778 443 860 regiae
467 783 744 860 quantacumque
765 777 962 860 potestatis,
986 775 1126 843 Christo
1151 779 1379 859 gubernante,

326 879 466 942 functus
488 875 612 955 officio,
634 885 674 942 ut
696 896 850 942 meorum
870 877 1051 942 criminum
1075 878 1236 942 incendia
1252 879 1378 943 elemo-

328 980 481 1044 sinarum
506 978 624 1056 latiae,
645 979 747 1042 iuxta
769 977 964 1042 Salomonis
987 978 1169 1056 sententia,
1192 979 1379 1043 noluissem

328 1080 544 1162 extinguere,
558 1080 650 1144 bona
664 1098 801 1162 quoquc
815 1079 1023 1162 prophetata
1036 1079 1285 1162 psalmigraphi
1299 1099 1376 1145 ora-

328 1181 427 1260 culis,
457 1179 596 1245 Christo
625 1178 713 1244 duce
743 1179 934 1261 largiendo,
960 1199 1140 1264 capescere
1169 1200 1378 1263 promerear,

329 1281 454 1360 Credo,
482 1281 642 1364 inquiens
670 1287 783 1358 uates,
805 1280 924 1344 uidere
953 1282 1046 1345 bona
1069 1280 1198 1345 domini
1219 1281 1257 1344 in
1285 1288 1379 1345 terra

327 1382 538 1461 uiuentium;
553 1401 644 1458 cum,
659 1380 874 1463 dispensanti
882 1381 1033 1459 domino,
1046 1379 1313 1447 Cantuariorum
1325 1403 1377 1446 re-

329 1483 460 1566 gimina
482 1489 601 1546 nostro
625 1483 902 1564 obtemperarent
926 1482 1081 1566 imperio,
1109 1499 1170 1546 xn.
1198 1490 1312 1547 terrae
1336 1483 1378 1546 il-

327 1584 395 1648 lius
417 1590 596 1647 manentes
618 1583 677 1646 ubi
704 1581 813 1664 Hogh
836 1590 1068 1665 nuncupatur,
1092 1583 1137 1646 ad
1165 1581 1379 1666 Hebureahg

327 1682 477 1748 insulam
496 1684 744 1766 pertingentes,
765 1682 841 1746 uiro
856 1683 1045 1747 uenerabili
1059 1683 1232 1765 Egbaltho
1248 1685 1377 1762 abbati,

328 1784 429 1867 eique
455 1783 585 1848 Christi
611 1783 762 1848 familiae
789 1783 939 1862 subdito,
969 1783 1006 1846 in
1034 1785 1209 1868 propriam
1230 1805 1294 1868 pro
1317 1785 1378 1849 do-

327 1886 422 1949 mino
436 1885 689 1969 possessionem
704 1885 832 1964 obtuli3
848 1892 888 1949 ut
902 1891 1019 1949 tenere
1029 1893 1065 1948 et
1073 1905 1192 1968 regere
1203 1893 1238 1950 et
1252 1886 1378 1968 largire

328 1987 434 2051 etiam
455 1985 658 2068 cuicumque
683 1986 769 2050 utile
794 1985 998 2050 indicauerit
1021 1994 1189 2070 perpetua
1209 1986 1378 2052 libertatis

328 2087 524 2152 conditione
548 2086 695 2151 fruatur.
748 2085 863 2166 Quam
892 2086 1029 2169 quidem
1054 2086 1276 2152 donationem
1304 2107 1376 2152 cer-

329 2188 470 2252 tissimis
495 2195 675 2252 auctorum
697 2186 1006 2270 subscriptionibus
1034 2187 1085 2252 ita
1114 2197 1155 2252 ut
1183 2188 1275 2252 infra
1304 2209 1377 2252 cer-

329 2297 470 2367 nuntur,
483 2289 637 2370 firmaui;
653 2296 694 2353 ut
708 2289 739 2352 si
753 2288 842 2372 quiS,
857 2288 949 2370 quod
963 2289 1066 2365 absit,
1082 2308 1147 2352 sna
1161 2297 1222 2354 aut
1236 2308 1378 2353 suornm

328 2390 424 2455 dirae
439 2390 639 2475 cupiditatis
653 2389 785 2454 facibus
799 2390 962 2454 atrociter
976 2389 1222 2468 inflammatus,
1236 2389 1301 2454 hoc
1314 2390 1379 2456 deo

328 2511 454 2555 munus
469 2492 623 2556 oblatum
646 2489 806 2555 fraudare
819 2491 1016 2568 certauerit,
1038 2510 1109 2555 non
1122 2491 1193 2554 iam
1207 2510 1295 2568 mea,
1318 2491 1379 2555 sed

321 2593 458 2673 domini
489 2593 599 2657 nostri
628 2591 813 2656 saluatoris
842 2598 878 2655 et
905 2592 1018 2656 sancti
1047 2591 1145 2656 Petri
1170 2592 1378 2671 substantia,

329 2695 466 2758 sibimet
478 2694 545 2776 ipsi
558 2693 743 2776 perniciter
757 2692 922 2775 populare
936 2694 1135 2774 persentiat.

381 2793 537 2877 Cumque
550 2793 769 2877 postmodnm
789 2793 929 2857 euoluto
944 2812 1113 2857 annorum
1135 2792 1263 2858 circulo
1280 2813 1380 2876 prae·

329 2894 403 2958 sata
417 2914 526 2979 regna
546 2894 693 2960 Cantiae
713 2893 864 2958 dominio
880 2894 1093 2976 imperioque
1112 2893 1249 2976 Sigheri
1268 2893 1380 2958 Saxa·
1480 2971 1486 2979 .

330 3014 453 3059 norum
480 2997 572 3078 regis
603 2996 852 3071 succumberet,
886 2995 1010 3077 prioris
1039 2995 1116 3077 ipse
1144 2996 1387 3078 praemonitus.

329 3096 500 3179 exemplo,
516 3105 556 3162 ut
569 3096 686 3161 omnia
700 3115 790 3179 quae
802 3094 964 3160 uidentur
977 3096 1198 3160 aeternaliter
1213 3096 1382 3178 possideri

320 3199 547 3281 nequierunt,
561 3197 819 3282 promptissima
828 3195 1010 3260 uoluntate
1024 3196 1203 3262 donationi
1217 3197 1381 3280 antiquae

329 3298 516 3363 consensit.

364 3397 431 3464 ‘At
452 3419 534 3464 nero
556 3397 786 3474 Suebeardus,
805 3398 893 3480 regii
910 3398 1030 3481 utique
1045 3404 1159 3462 status
1175 3397 1381 3462 lectissimus

330 3499 406 3578 fioS,
436 3507 471 3564 et
500 3500 637 3564 futurae
664 3499 887 3575 maturitatis,
909 3499 940 3562 si
967 3517 1053 3564 aura
1081 3498 1199 3562 uitalis
1222 3492 1380 3576 uenerit,¹

329 3601 521 3666 certissima
543 3619 635 3683 spes,
660 3599 743 3664 dum
765 3599 901 3663 sibimet
921 3599 1079 3664 dominus
1103 3597 1222 3662 mundi
1243 3619 1380 3664 monar-

329 3701 407 3767 chia
433 3701 635 3765 mirabiliter
663 3700 861 3784 disponens
891 3720 999 3782 regna
1028 3699 1206 3783 praedicta
1235 3699 1380 3764 Cantiae

330 3803 512 3880 concessit,
537 3803 622 3866 haec
650 3800 769 3865 eadem
794 3819 864 3864 non
888 3801 1000 3865 solum
1019 3800 1156 3864 firmare
1179 3800 1239 3864 sed
1263 3808 1299 3865 et
1320 3800 1380 3864 ad-

330 3903 411 3968 dere
430 3904 624 3983 curauerit3
649 3901 738 3966 Mihi
767 3901 870 3979 enim,
893 3902 1066 3984 inquiens,
1088 3920 1158 3965 non
1181 3920 1224 3965 ea
1244 3908 1381 3966 tantum

331 4023 420 4086 quae
434 4025 457 4068 a
477 4005 648 4088 prioribus
669 4003 768 4085 regni
790 4003 1047 4086 possessoribus
1065 4001 1129 4066 deo
1150 4002 1280 4066 tradita
1301 4010 1383 4075 sunt

331 4104 466 4168 firmare
480 4113 515 4170 ct
530 4105 744 4170 subscribere
765 4102 902 4181 sufficit,
923 4103 1006 4186 quia
1023 4102 1208 4186 unicuique
1223 4103 1382 4168 dominus

649 4254 657 4288 ¹
676 4256 732 4306 MS.
744 4271 807 4305 aura
818 4255 896 4304 uitale
907 4261 1063 4306 ueneranter.
