3188 5032
487 463 660 510 curasan
682 455 1023 508 ancnosaxourcnn.
1231 437 1275 500 53

678 711 821 776 XLVI.

636 851 768 938 *INL
790 861 867 926 699.

270 1021 308 1100 ›1‹
321 1018 366 1082 ΙΝ
381 1020 519 1083 nomine
532 1016 662 1082 domini
684 1016 740 1080 dci
760 1016 871 1080 nostri
886 1014 992 1079 Ibesu
1008 1015 1139 1080 Christi
1159 1017 1274 1082 salua·

131 1163 132 1166 ,
225 1120 330 1183 toris!
370 1118 423 1182 Ea
438 1139 527 1201 quae
550 1117 737 1181 secundum
752 1116 891 1181 decreta
906 1133 1076 1180 canonum
1091 1116 1275 1204 salubriter

224 1220 465 1296 decernuntur,
490 1218 648 1300 quamuis
673 1235 785 1280 sermo
813 1223 949 1280 tantum
971 1215 1014 1278 ad
1036 1216 1271 1280 testimonium

224 1317 406 1396 sufficeret,
417 1327 534 1382 tamen
542 1337 605 1399 pro
614 1318 746 1380 incerta
753 1316 862 1380 futuri
871 1316 1035 1397 temporis
1048 1317 1275 1397 ambiguitate

226 1419 419 1481 firmissima
433 1418 624 1494 litterarum
644 1417 888 1500 astipulatione
916 1417 1131 1478 roborentur.
1178 1414 1275 1492 Qua·

225 1525 366 1599 propter
377 1536 443 1598 ego
454 1515 509 1579 Ini
519 1536 583 1580 rex
594 1515 785 1592 Saxonum,
800 1523 927 1578 terram
936 1515 1038 1578 iuxta
1047 1511 1274 1593 Abbendune,

226 1632 407 1679 onxxru.
433 1623 659 1692 cassatorum,
684 1614 788 1679 Hean
812 1614 929 1678 abbati
953 1614 1099 1677 libenter
1121 1614 1272 1693 reddidi3

225 1735 330 1798 quam
346 1715 448 1779 Cissa
468 1735 531 1778 rex
553 1716 618 1778 sibi
632 1732 675 1778 ao
689 1713 803 1778 Cillan
817 1714 927 1778 sorori
941 1731 1024 1777 suae
1040 1721 1145 1794 atque
1167 1715 1273 1778 abba·

225 1817 330 1879 tissae
343 1815 529 1897 aliquando
549 1815 710 1893 dederat3
734 1815 794 1878 sed
818 1813 874 1877 Ini
896 1832 959 1876 rex
981 1813 1125 1876 eandem
1147 1820 1275 1878 terram

224 1922 348 1997 postea
369 1915 451 1978 dum
474 1934 583 1998 regno
602 1915 771 1998 potiretur
793 1913 958 1996 diripiens
980 1933 1021 1976 ac
1044 1913 1275 1996 reipublicae

223 2015 386 2092 restituit,
400 2014 552 2079 nondum
574 2022 772 2078 constructo
785 2013 994 2078 monasterio
1009 2014 1045 2077 in
1059 2031 1112 2091 ea,
1126 2032 1189 2077 neo
1203 2014 1274 2078 ullo

223 2114 406 2178 admodum
414 2114 565 2180 oratorio
576 2120 707 2193 erect03
720 2133 837 2176 rursus
846 2120 962 2177 antem
972 2112 1016 2175 ad
1025 2113 1274 2177 aedificandum

223 2215 469 2279 monasterium
490 2214 601 2278 eidem
616 2212 744 2278 Heano
766 2213 912 2296 patricio
925 2219 1008 2276 tunc
1023 2213 1187 2295 temporis
1209 2231 1275 2278 suo

224 2314 369 2380 candem
386 2321 514 2377 terram
531 2313 712 2377 redonauit
727 2312 865 2377 dicens:
890 2312 966 2393 Ego
987 2311 1045 2376 Ini
1067 2311 1273 2376 monarchus

224 2414 398 2477 Saxoniae
414 2420 582 2494 regnante
596 2411 746 2489 domino,
762 2411 895 2493 regalia
909 2412 1105 2492 gubernans
1123 2419 1271 2493 sceptra,

225 2520 353 2578 terram
367 2531 470 2595 quam
481 2512 761 2595 praedecessores
772 2512 839 2574 mei
849 2509 949 2574 Cissa
963 2517 999 2574 et
1008 2510 1136 2575 caeteri
1145 2510 1273 2576 Heano

226 2613 372 2696 patricio
393 2630 544 2693 suaeque
569 2630 754 2693 germanae
777 2609 892 2674 Cillan
914 2609 1049 2673 dedisse
1070 2618 1273 2689 noscuntur,

224 2715 348 2777 iterum
376 2711 624 2775 cumconsilio
656 2711 883 2793 plurimorum
913 2710 1018 2774 reddo
1045 2716 1081 2772 et
1103 2709 1271 2792 relinquo.

225 2812 360 2877 Deinde
370 2810 566 2894 praedictus
576 2811 742 2894 patricius
752 2809 857 2874 Hean
866 2829 903 2874 se
912 2829 991 2876 cum
1001 2810 1094 2874 omni
1105 2809 1271 2876 facultate

224 2919 333 2977 suaet
348 2910 505 2995 praefata
521 2918 614 2974 terra
627 2911 872 2992 omnipotentis
885 2910 941 2974 dei
950 2909 1092 2974 seruitio
1106 2910 1270 2990 subdidit,

223 3032 345 3095 meque
361 3011 405 3075 ad
420 3011 688 3075 construendum
703 3010 949 3074 monasterium
961 3009 1047 3074 illud
1063 3010 1100 3074 in
1113 3011 1191 3075 loco
1212 3030 1270 3074 sn·

223 3133 287 3196 pra
309 3113 497 3189 nominato,
511 3111 547 3175 id
569 3118 623 3174 est
642 3111 743 3174 iuxta
757 3107 986 3186 Abbendune,
999 3110 1271 3197 regulariterque

224 3212 410 3294 regendum
425 3210 510 3275 illud
524 3212 683 3275 abbatem
698 3210 803 3291 elegit
816 3231 825 3289 3
840 3217 1031 3292 sponteque
1042 3229 1106 3272 sua
1119 3211 1269 3293 seipsum

223 3333 300 3376 meo
314 3311 472 3393 regimini
484 3311 654 3374 commisit
674 3317 826 3391 uotoque
839 3308 1040 3374 monachico
1062 3311 1269 3392 astringens.

225 3410 275 3477 At
288 3431 380 3475 nrmc
401 3409 552 3474 nondum
568 3409 707 3475 euoluto
722 3409 766 3473 ad
781 3412 952 3490 integrum
967 3409 1202 3491 quinquennio
1224 3428 1269 3474 ex

220 3507 293 3594 quo
306 3511 391 3574 haec
402 3516 486 3574 uota
497 3510 595 3573 uouit
602 3509 781 3585 soluenda,
789 3510 971 3572 immutare
979 3507 1118 3571 decreta
1128 3510 1269 3590 cupiens

226 3611 350 3693 Inique
373 3629 488 3692 regem
511 3609 547 3671 in
572 3607 771 3690 suffragium
796 3608 862 3671 sibi
882 3614 1023 3689 repente
1046 3607 1269 3671 haereditatis

224 3709 431 3792 assumpsit;
447 3709 572 3790 quibus
586 3727 651 3788 ego
666 3708 811 3771 libenter
823 3705 911 3769 cessi
927 3705 1186 3788 praefatamque
1199 3713 1269 3770 ter·

222 3831 296 3874 ram
313 3816 349 3873 et
363 3809 572 3872 monasteria
593 3826 682 3888 quae
704 3807 960 3870 construximus
981 3811 1020 3868 ut
1042 3804 1115 3868 dixi
1136 3806 1173 3868 in
1195 3814 1270 3871 toto

222 3911 420 3974 retribuam.
487 3906 636 3989 Insuper
666 3905 770 3970 etde
800 3904 960 3969 orientali
989 3912 1088 3986 parte
1118 3904 1269 3971 fluminis

224 4010 385 4073 Tamisae
400 4024 467 4070 XX.
483 4012 639 4071 cassatos
655 4025 742 4087 quos
757 4004 839 4068 mibi
855 4003 1051 4068 Cuthredus
1072 4005 1212 4085 regulus
1234 4013 1269 4070 et

223 4109 432 4172 Marciorum
447 4126 509 4170 rex
521 4104 726 4169 Ethelredus
738 4124 800 4167 nec
815 4124 885 4167 non
900 4111 935 4167 et
951 4102 1008 4166 Ini
1018 4123 1081 4168 rex
1091 4103 1269 4169 Saxonum

221 4208 438 4272 tradiderunt
446 4206 604 4270 adiiciam
618 4253 626 4268 .
645 4221 683 4268 x.
698 4224 834 4286 quoque
847 4210 1014 4280 cassatae,
1028 4222 1126 4267 secus
1141 4206 1269 4282 uadum
