3134 5030
318 403 383 469 298
562 417 735 467 canaria
758 418 1100 468 anemslxomclu.

319 597 378 643 rae
405 578 448 643 de
476 574 577 642 Gliue
591 623 599 640 .
613 591 749 640 xxxvi.
775 575 897 656 bidas3
925 593 1031 640 unum
1055 575 1175 657 iugum
1202 575 1295 658 quod
1321 575 1375 641 ia·

319 685 374 744 cet
397 679 434 742 iu
458 677 603 742 australi
624 684 723 759 parte
743 675 897 754 Limone,
913 683 948 742 et
963 679 1007 742 ab
1029 675 1151 740 incolis
1174 677 1375 741 nominatur

320 778 531 842 Lambaham
553 777 704 860 pertinet
723 785 840 844 autem
863 777 908 842 ad
931 778 1076 843 anan
1098 784 1135 842 et
1152 776 1291 843 reddit.
1308 794 1375 844 xu.

319 897 445 962 pensas
461 881 564 956 casei,
581 885 617 943 et
631 896 743 961 agnos
757 884 793 942 et
807 879 924 944 lanam
947 880 1076 962 absque
1098 896 1211 942 caseo.
1264 875 1374 942 Aliud

318 980 437 1062 iugum
459 979 552 1061 apud
576 977 799 1056 Northuuda‚
813 987 848 1044 et
864 979 1005 1044 reddere
1027 979 1130 1044 debet
1145 1025 1154 1042 .
1168 994 1260 1042 cxx.
1275 998 1375 1044 men-

319 1098 419 1144 suras
441 1076 661 1162 quas.Angli
688 1079 810 1145 dicunt
838 1077 988 1144 Ambres
1015 1079 1057 1144 de
1084 1079 1170 1156 sale,
1196 1097 1375 1144 marascos

319 1199 438 1246 omnes
462 1181 499 1244 in
524 1179 669 1245 australi
694 1187 795 1263 parte
822 1179 965 1246 Limane
988 1187 1024 1244 et
1045 1180 1082 1244 in
1107 1179 1270 1261 aquilone
1292 1199 1373 1244 cum

319 1280 484 1364 praefatis
513 1280 616 1345 terris
640 1279 765 1346 deuote
793 1281 911 1345 reddo.
980 1279 1202 1346 Mansionem
1234 1299 1374 1362 quoque

318 1401 409 1464 quae
431 1387 484 1444 est
499 1380 535 1444 in
549 1379 703 1462 aquiloni
726 1388 825 1464 parte
839 1381 1076 1446 Doroberniae
1097 1381 1205 1445 muris
1226 1390 1262 1446 et
1277 1381 1374 1446 clau·

319 1481 431 1546 sulam
444 1481 537 1564 quod
550 1478 659 1564 Angli
671 1479 790 1547 dieunt
806 1480 934 1565 Ceage,
948 1501 1037 1564 quae
1051 1482 1202 1564 pertinet
1212 1481 1257 1545 ad
1271 1500 1373 1564 prae·

319 1582 446 1647 dictam
469 1581 694 1648 mansionem.
761 1583 866 1648 Hane
892 1591 1009 1648 autem
1038 1581 1264 1647 redditionem
1293 1581 1375 1647 ideo

319 1703 365 1747 ex
379 1688 477 1766 parte
493 1682 599 1747 reddo
616 1683 698 1766 quia
712 1682 787 1766 ipse
807 1685 966 1749 dominus
981 1702 1079 1748 meus
1092 1682 1374 1766 archiepiscopus

318 1784 370 1848 ita
383 1784 560 1866 praecepit
573 1783 669 1861 mihi,
683 1787 719 1847 et
734 1784 913 1868 inscripto
928 1783 1021 1866 qued
1035 1784 1111 1866 ipso
1124 1784 1272 1849 scribere
1288 1782 1374 1848 iecit

319 1890 505 1966 antequam
527 1883 760 1949 infirmaretur
773 1884 815 1949 de
837 1884 1006 1950 diuisione
1018 1903 1132 1949 rerum
1148 1903 1290 1950 suarum
1303 1883 1373 1950 hoe

317 1983 407 2048 idem
424 1985 538 2048 notari
552 1983 739 2067 praecepit.
782 1984 829 2048 In
843 2005 912 2067 quo
927 1985 1031 2048 etiam
1047 1985 1177 2069 scripto
1190 1984 1375 2048 constituit

319 2084 541 2148 elemosinam
562 2104 665 2168 quam
680 2084 805 2151 cotidie
821 2085 896 2149 fieri
915 2085 1103 2168 praecepit,
1116 2085 1155 2148 in
1176 2083 1245 2148 illis
1268 2083 1372 2148 terris

319 2205 406 2269 quas
427 2186 501 2268 ipse
523 2184 711 2268 adquisiuit
732 2205 795 2268 pro
817 2186 933 2249 anima
954 2204 1020 2249 sua
1043 2192 1079 2250 et
1103 2204 1166 2267 pro
1190 2184 1373 2249 animabus

318 2286 470 2349 omnium
482 2285 621 2350 illorum
635 2285 695 2366 qui
709 2284 896 2351 aecclesiae
910 2283 1041 2349 Christi
1055 2285 1186 2368 aliquid
1200 2284 1373 2350 auxilium

317 2385 575 2470 impendissent,
590 2392 626 2450 et
647 2384 712 2450 boc
732 2386 961 2451 intentissime
982 2386 1058 2450 fieri
1077 2385 1253 2469 praecepit
1266 2385 1318 2450 ita
1331 2394 1374 2451 ut

318 2485 458 2564 diceret,
469 2487 562 2551 inter
574 2485 675 2551 deum
689 2493 725 2551 et
739 2493 921 2570 sequentes
941 2505 1003 2552 nos
1026 2486 1301 2570 archiepiscopos
1325 2487 1374 2552 sit

319 2587 361 2652 de
372 2587 531 2652 facienda
544 2595 607 2652 aut
620 2586 828 2669 negligenda
841 2588 910 2652 ista
924 2587 1112 2653 elemosina
1126 2606 1149 2652 a
1160 2606 1216 2652 me
1230 2586 1373 2653 ordina-

319 2693 369 2750 ta.
402 2686 508 2770 Apud
523 2685 682 2770 Hergam
697 2703 731 2752 V.
746 2673 928 2770 pauperes,
942 2687 1035 2770 apud
1050 2687 1211 2752 Otteiord
1226 2704 1260 2752 v.
1275 2688 1371 2772 apud

320 2785 419 2852 Cliue
433 2805 471 2853 11.
482 2787 575 2871 apud
590 2787 775 2854 Grauenea
790 2805 827 2851 11.
844 2789 938 2871 apud
953 2788 1132 2854 Oesualun
1149 2805 1214 2852 v11.
1230 2788 1268 2852 in
1282 2788 1370 2853 ciui-

317 2894 391 2952 tate
407 2889 644 2953 Doroberniae
665 2906 714 2953 vi.
728 2885 914 2972 unicuique
935 2889 1037 2954 detur
1061 2889 1187 2954 cotidie
1209 2889 1253 2952 ad
1270 2908 1370 2954 mau-

318 2989 512 3054 ducandum
528 2989 621 3073 quod
643 2991 888 3054 conuenienter
910 2987 957 3055 sit
979 2989 1077 3068 satis,
1097 2998 1133 3054 et
1154 3009 1217 3072 per
1240 3008 1370 3054 annum

318 3089 441 3172 cuique
470 3090 614 3172 pauperi
642 3089 687 3154 ad
712 3091 877 3154 uestitum
899 3110 1000 3156 xxvi.
1026 3089 1167 3154 denarii.
1233 3088 1370 3155 Cotidie

318 3209 457 3272 quoque
469 3189 644 3273 praecepit
654 3188 795 3255 missam
805 3190 971 3256 celebrari
981 3210 1045 3274 pro
1056 3191 1236 3257 animabus
1247 3209 1369 3273 supra-

318 3297 594 3357 memoratorum.
660 3289 705 3354 Iu
731 3292 968 3356 anniuersario
996 3311 1060 3356 suo
1091 3291 1267 3374 praecepit
1294 3290 1370 3355 dari

321 3409 437 3457 ,racc
464 3391 674 3475 pauperibus
705 3391 750 3455 ad
774 3392 1064 3471 manducandum,
1092 3393 1215 3474 cuique
1244 3410 1370 3475 panem

318 3512 425 3557 unum
439 3498 475 3557 et
488 3511 639 3568 caseum,
653 3500 715 3557 aut
729 3492 864 3556 lardum
878 3499 914 3557 et
927 3493 1106 3557 denarium
1116 3511 1235 3556 unum.
1287 3490 1370 3556 Hoc

318 3603 372 3657 est
387 3599 610 3676 praeceptum
624 3592 873 3676 archiepiscopi
896 3592 1076 3658 Wulfredi.
1129 3593 1206 3674 Ego
1230 3611 1369 3675 quoque

318 3693 531 3758 Werhardus
547 3694 727 3777 presbyter
740 3692 891 3759 concedo
912 3694 1100 3758 aecclesiae
1115 3691 1246 3758 Christi
1267 3712 1369 3776 prae-

317 3795 513 3859 nominatae
538 3810 689 3859 .xxx11.
715 3794 813 3858 hidas
841 3795 883 3859 de
917 3794 1123 3877 patrimonio
1157 3813 1246 3873 meo,
1279 3812 1368 3876 quas

318 3895 401 3960 dare
415 3914 556 3978 possum
570 3894 627 3959 cui
640 3894 721 3959 uolo
735 3895 772 3958 in
783 3893 925 3960 ciuitate
937 3895 1166 3972 Dorohernia,
1177 3913 1241 3977 pro
1256 3895 1369 3959 salute

318 3997 451 4060 animae
473 4015 570 4060 meae
590 4003 625 4060 et
639 3994 811 4060 Wulfredi
833 3995 1094 4080 archiepiscopi,
1107 3995 1150 4060 de
1160 3994 1368 4078 patrimonio

317 4115 394 4160 meo
408 4116 496 4178 quas
510 4096 593 4162 dare
607 4114 748 4178 possum
762 4095 818 4160 cui
832 4096 925 4174 uolo,
940 4095 1077 4162 nomine
1087 4096 1198 4183 Hyse.
1251 4091 1368 4160 Aliam

317 4214 453 4278 quoqne
477 4205 603 4260 terram
627 4197 764 4261 nomine
791 4197 1112 4279 Mesgeldesuurthe
1135 4215 1239 4280 quam
1266 4194 1368 4261 Geol-
