3188 5032
311 422 355 491 60
567 441 738 491 casuras
760 439 1101 492 aucuosaxouroar.

314 605 487 683 potestate
511 597 620 662 fretus
644 598 831 679 infringere
855 600 1077 685 temptauerit
1103 600 1191 665 sciat
1215 621 1252 664 se
1280 608 1363 665 ante

315 698 466 764 tribunal
479 695 538 784 xpi
553 698 805 762 tremibundum
822 699 990 764 rationem
1007 698 1219 764 redditurum
1238 701 1362 764 Mane-

314 807 396 880 atq:
424 796 632 861 nilhominus
653 798 689 860 in
712 815 776 860 sua
798 797 960 862 firmitate
981 798 1056 863 haec
1072 798 1212 864 kartula
1233 800 1362 882 scripta

315 897 420 961 Anno
446 897 491 960 ab
512 896 749 961 incarnatione
771 896 829 960 diii
848 898 900 960 nii
917 914 1070 961 nocam.
1092 898 1171 963 idie.
1195 916 1234 963 11.
1258 899 1361 963 tertia

314 997 447 1061 decima
461 996 516 1059 die
531 996 658 1058 mensis
672 996 758 1059 iunii
771 997 862 1080 quod
875 1005 892 1050 ἐ
905 996 940 1060 id
956 998 1053 1062 iunii.

368 1097 408 1176 ›1‹
425 1094 501 1176 Ego
516 1095 704 1184 coenredus
726 1114 790 1159 rex
808 1098 902 1159 meri>
922 1095 1011 1160 hanc
1030 1104 1158 1161 terram
1173 1095 1361 1160 waldhario

314 1196 394 1278 epia
416 1213 479 1276 pro
502 1194 652 1258 remedio
674 1194 787 1259 anime
809 1215 895 1259 meae
917 1195 954 1258 in
976 1197 1127 1261 dominio
1150 1196 1279 1262 donare
1301 1195 1360 1259 de·

315 1295 408 1359 creui
430 1294 467 1357 in
492 1294 568 1358 loco
584 1294 644 1375 qui
665 1294 791 1358 dicitur
808 1295 1027 1360 tuiccanham
1048 1301 1085 1359 et
1107 1296 1227 1360 libenti
1246 1295 1360 1360 animo

311 1395 416 1480 ppria
429 1413 534 1457 manu
549 1397 649 1456 cruce
664 1393 775 1458 infixi.

369 1495 409 1574 ›1‹
426 1513 491 1576 ego
515 1491 642 1557 ciolred
668 1495 760 1556 meri:
787 1492 876 1556 hanc
901 1492 1121 1558 donationem
1147 1511 1252 1577 quam
1279 1500 1360 1558 ante

313 1593 459 1658 donauit
479 1593 656 1678 ppinquus
675 1612 773 1656 meus
790 1593 990 1656 coenraedus
1007 1613 1071 1656 rex
1087 1613 1107 1680 7
1124 1615 1189 1677 ego
1204 1594 1360 1677 qfirmaui

312 1695 349 1758 in
363 1692 439 1757 loco
455 1692 631 1755 arcencale
646 1700 681 1757 et
696 1693 749 1774 sig
764 1693 822 1756 sce
836 1693 948 1780 crucis
961 1695 1128 1775 expressi.

370 1794 410 1873 ›1‹
425 1811 490 1874 ego
504 1790 639 1855 headda
653 1790 712 1878 eps
728 1793 887 1856 consensi
901 1799 937 1857 et
951 1794 1139 1876 subscripsi

370 1892 488 1974 ›laego
502 1895 597 1955 cotta
611 1891 654 1954 ab
671 1912 690 1974 p
707 1899 742 1956 et
756 1893 821 1956 sib
1119 1886 1121 1890 ’

369 1993 409 2072 ›1‹
424 2011 488 2073 ego
511 1992 710 2074 suebraedus
724 2012 788 2056 rex
803 1993 1013 2055 eastsaxonfi
1029 1990 1169 2076 propria
1184 1991 1230 2058 fii.

369 2093 407 2172 ›1‹
423 2102 487 2173 ego
501 2090 668 2174 peohthat
682 2093 735 2172 sig
750 2093 805 2154 mi
818 2091 957 2174 inposui

369 2191 488 2273 »bego
518 2191 690 2255 friodored
725 2192 782 2274 sig
805 2191 839 2253 ιῖι
895 2193 935 2272 ›1‹
952 2193 1075 2256 eadred
1104 2191 1157 2278 sig
1212 2193 1252 2272 ›1‹
1267 2187 1360 2255 aelric

313 2291 365 2378 sig
380 2290 414 2352 ὦ
469 2292 509 2371 ›1‹
522 2290 699 2356 soestwiue
714 2291 767 2377 si}
1295 2305 1298 2312 ’

367 2393 407 2472 ›1‹
421 2390 593 2454 coenhard
619 2391 672 2478 si‘g'
696 2391 730 2454 hi
779 2392 819 2471 ›1‹
833 2390 959 2475 cymmi
981 2391 1034 2477 si}
1088 2393 1128 2472 ›1‹
1143 2391 1228 2454 lulla
1251 2386 1303 2477 εἱξ
1325 2387 1359 2453 iii

318 2491 356 2573 ›1‹
371 2490 520 2555 wulfhat
535 2489 588 2576 sig

367 2592 407 2671 ›1‹
421 2589 570 2653 cudraed
592 2589 644 2676 sig
659 2589 693 2652 iri
741 2591 781 2670 ›1‹
796 2608 928 2672 pagara
950 2590 1003 2677 sig
1057 2593 1097 2672 ›1‹
1112 2591 1230 2674 cynric
1251 2589 1304 2676 sig
1326 2589 1359 2652 ιῒι

318 2689 504 2772 ffltudima
516 2689 570 2775 sig

313 2801 315 2806 '
367 2791 407 2870 ›1‹
421 2789 525 2854 uilloc
540 2788 592 2876 sig
605 2787 639 2851 fit
695 2792 735 2871 ›1‹
749 2787 914 2854 eadberht
927 2789 981 2876 si&

716 3059 725 3070 ·
783 3043 890 3109 mn.

311 3197 313 3202 ·
362 3169 734 3243 unrurnunlun
761 3174 869 3240 Anu
895 3173 1302 3241 nrrnrnuumnn

312 3296 315 3304 ’
510 3307 574 3375 or
598 3307 702 3374 run
728 3266 1179 3385 aureolisque-709.

352 3464 391 3549 ›1‹
407 3466 452 3531 IN
467 3463 603 3532 nomine
617 3465 653 3529 di
666 3461 774 3547 suffra
791 3463 963 3547 Tempora
974 3465 1185 3545 temporibus
1201 3465 1360 3542 subeunt,

313 3569 398 3632 abiit
412 3575 447 3632 et
460 3566 556 3630 uenit
569 3572 667 3630 aetas
689 3564 766 3627 sola
790 3565 926 3628 scorum
950 3563 1064 3645 gloria
1085 3563 1188 3627 durat
1208 3564 1245 3626 in
1266 3564 1358 3651 xpo.

314 3667 442 3749 ldeoq:
459 3685 524 3747 ego
539 3664 778 3729 aedilheardus
793 3671 829 3727 et
840 3662 1106 3727 aediluueardus
1122 3662 1279 3727 dabimus
1297 3664 1360 3728 tibi

311 3765 487 3831 cudsuidae
509 3772 636 3829 terram
651 3783 730 3847 quae
753 3763 878 3827 dicitur
898 3763 995 3844 ingin
1013 3779 1047 3826 ν.
1063 3763 1242 3826 manentii
1255 3783 1359 3846 quam

312 3875 352 3931 tu
365 3867 499 3931 anobis
523 3866 662 3948 proprio
683 3863 818 3946 praetio
842 3862 1016 3926 redemisti
1036 3861 1072 3925 id
1092 3870 1146 3926 est
1171 3880 1216 3925 no
1240 3864 1358 3927 solidis

312 3974 351 4029 ut
372 3967 409 4028 in
442 3972 503 4029 tua
526 3971 699 4047 potestate
720 3963 767 4026 sit
788 3961 937 4027 habendi
959 3969 994 4026 et
1016 3960 1167 4026 donandi
1188 3959 1357 4046 cuicumq:

313 4063 474 4128 uolueris.
517 4063 554 4128 Si
572 4065 649 4147 quis
674 4065 711 4128 in
735 4063 824 4126 hanc
849 4061 1035 4127 donatione
1059 4080 1186 4142 augere
1210 4062 1360 4127 uoluerit

311 4163 454 4245 ampliet
475 4161 516 4226 ds
539 4171 670 4246 partem
694 4163 768 4228 eius
786 4160 823 4224 in
845 4162 985 4244 regione
1006 4161 1173 4225 uiuentiii.
1225 4161 1359 4246 Siquis
