3188 5032
310 387 375 452 100
569 403 743 454 curasan
765 401 1109 452 arenosaxonroan.

723 623 962 691 LXXXIII.

410 791 738 862 AETHILBALD
764 791 829 856 OF
853 788 1062 869 ΜΕΒΟΙΑ,
1084 789 1278 856 ras-737.

368 958 408 1041 ›1‹
440 959 516 1023 Eoo
547 955 776 1034 Aethilbalth‚
799 974 869 1019 non
896 955 1008 1018 solum
1033 955 1276 1034 Mercensium‚
1305 957 1367 1021 sed

312 1067 348 1126 et
369 1060 607 1123 uniuersorum
630 1057 884 1140 prouinciarum
901 1075 990 1138 quaa
1011 1057 1184 1121 communi
1197 1058 1370 1125 uocabulo.

312 1159 474 1225 dicuntur
520 1158 714 1240 Suthcngli,
763 1155 882 1220 diuina
918 1155 1089 1239 largiente
1125 1158 1251 1239 gratia,
1290 1177 1371 1235 rex,

313 1258 590 1324 reuerentissimo
622 1257 739 1323 comiti
764 1276 852 1333 meo,
877 1256 1029 1338 mihique
1055 1255 1141 1321 satis
1178 1277 1270 1336 caro,
1295 1258 1371 1322 filio-

314 1360 487 1443 quondam
524 1357 773 1422 Huuicciorum
799 1355 891 1438 regis
919 1354 1124 1434 Oosheraes,
1144 1353 1369 1436 Aethilricae,

314 1467 442 1524 terram
463 1458 588 1540 uiginti
610 1462 824 1522 cassatorum
843 1455 881 1518 in
900 1457 1151 1538 possessionem
1166 1458 1367 1523 aecclesias-

314 1559 405 1624 ticae
426 1559 571 1624 rationis
587 1563 692 1641 atque
710 1557 861 1639 regulae,
876 1576 954 1620 cum
972 1575 1142 1620 consensu
1156 1557 1212 1621 uei
1234 1559 1367 1640 episco-

315 1679 438 1742 porum
461 1658 518 1722 uel
539 1658 745 1740 optimatum
767 1676 932 1734 meorum,
954 1655 1054 1740 larga
1075 1657 1201 1721 mentis
1226 1659 1368 1722 beniuo-

318 1759 427 1825 lentia
453 1759 588 1822 donans
613 1757 775 1821 concedo.
843 1756 909 1820 Est
937 1763 1052 1820 autem
1077 1756 1168 1820 idem
1196 1777 1281 1840 ager
1309 1759 1369 1841 qui

316 1858 465 1926 traditur
488 1858 524 1922 in
551 1857 692 1937 regione
716 1876 805 1940 quae
829 1856 1020 1938 antiquitus
1041 1856 1239 1922 nominatur
1263 1858 1369 1941 Stop·

317 1957 454 2041 pingas,
477 1958 512 2022 in
538 1957 615 2022 loco
639 1957 698 2039 qui
723 1963 862 2020 uetusto
884 1957 1054 2020 uocabulo
1077 1957 1204 2021 dicitur
1233 1958 1367 2022 Uuidu·

317 2064 416 2136 tuun‚
451 2058 552 2122 iuxta
587 2056 729 2120 fluuium
758 2076 860 2138 quem
896 2056 1028 2139 priores
1057 2057 1166 2121 nostri
1193 2059 1368 2141 appellare

318 2158 490 2235 solebant,
503 2165 538 2222 et
553 2156 666 2221 adbuc
689 2157 922 2233 nominantur,
936 2155 1167 2222 Aeluuinnae.
1220 2157 1370 2222 Omnem

316 2257 435 2340 itaque
456 2257 547 2323 huno
567 2276 688 2340 agrum
708 2256 800 2322 intra
814 2256 978 2320 terminos
994 2258 1039 2322 ab
1055 2256 1207 2340 antiquis
1231 2278 1374 2341 posses·

317 2358 452 2422 soribus
475 2358 694 2434 constitutos,
716 2377 794 2422 cum
808 2357 940 2439 campis
963 2363 1000 2420 et
1021 2357 1167 2421 saltibus
1191 2365 1226 2422 et
1247 2360 1371 2443 pratis,

319 2477 453 2523 necnon
473 2467 509 2524 et
529 2457 713 2536 uniuersis
733 2457 857 2541 quiex
879 2475 920 2522 eo
940 2457 1121 2540 prouenire
1141 2459 1287 2541 possint,
1309 2480 1370 2524 ne-

318 2559 477 2623 cessariis
491 2559 662 2623 redituum
676 2557 807 2634 usibus,
824 2557 876 2621 ita
896 2556 1057 2621 nimirum
1070 2557 1228 2640 praefato
1254 2560 1371 2624 comiti

317 2679 395 2725 meo
415 2655 639 2736 Aethilricae,
661 2658 698 2722 in
722 2658 777 2721 ius
804 2657 1017 2723 monasticae
1045 2659 1201 2737 rationis,
1226 2668 1371 2742 rogatus

318 2759 362 2824 ab
377 2779 418 2824 eo
433 2759 572 2824 tradens
592 2759 733 2841 largior,
754 2764 795 2822 ut
813 2765 849 2822 et
868 2758 955 2841 ipse,
975 2757 1138 2841 quamdiu
1152 2758 1227 2823 uita
1246 2761 1371 2824 comite

318 2859 479 2937 uoluerit,
501 2879 663 2942 prospere
688 2858 874 2940 possideat,
903 2865 939 2923 et
964 2859 1166 2940 cuicumque
1189 2860 1374 2942 placuerit,

319 2958 376 3024 uel
401 2977 439 3022 se
469 2960 608 3026 uiuente
634 2957 691 3022 uel
720 2959 881 3036 obeunte,
906 2978 948 3023 ea
975 2959 1171 3024 conditione
1203 2979 1274 3042 qua
1306 2961 1371 3025 sibi

318 3058 485 3123 traditum
510 3059 693 3142 acceperit,
719 3058 863 3124 licenter
889 3059 1028 3124 omnino
1053 3060 1152 3125 nobis
1180 3060 1375 3125 concedem-

320 3159 425 3237 tibus,
439 3159 549 3226 libens
560 3159 687 3226 tradat.

375 3259 415 3339 ›1‹
431 3259 507 3343 Ego
531 3258 748 3325 Aethilbalth
776 3258 866 3324 hanc
895 3259 1115 3326 donationem
1144 3279 1256 3325 meam
1288 3262 1376 3326 sub-¹

319 3359 453 3441 scripsi.
491 3360 529 3441 ›1‹
542 3359 618 3443 Ego
634 3358 734 3426 Uuor
748 3359 930 3442 episcopus
946 3361 1105 3426 consensi
1120 3367 1156 3425 et
1171 3362 1370 3444 subscripsi.

323 3460 365 3542 ›1‹
386 3459 463 3541 Ego
489 3458 572 3524 Piot
596 3461 703 3524 abbas
732 3460 950 3524 consentiens
980 3460 1178 3543 subscripsi.
1234 3461 1273 3542 ›1‹
1294 3461 1371 3544 Ego

322 3558 489 3624 Uuilfrith
505 3579 619 3624 comes
633 3561 791 3625 consensi
805 3566 840 3625 et
855 3561 1052 3644 subscripsi.
1092 3558 1215 3643 ›14Ego
1230 3560 1371 3643 Sigibed

321 3678 436 3724 comes
464 3660 683 3724 consentiens
713 3660 913 3743 subscripsi.
979 3663 1018 3744 ›1‹
1040 3661 1116 3743 Ego
1148 3659 1226 3725 Oba
1258 3669 1372 3726 comes

320 3759 479 3825 consensi
503 3766 538 3823 et
560 3759 759 3842 subscripsi.
816 3762 856 3842 ,Β
876 3760 953 3841 Ego
978 3760 1123 3827 Beorcol
1151 3780 1266 3824 comes
1290 3782 1378 3826 con--

320 3860 472 3924 sentiens
488 3860 687 3942 subscripsi.
744 3862 782 3943 ›1‹
804 3860 881 3942 Ego
897 3859 1130 3939 Heardberht‚
1145 3861 1253 3924 frater
1267 3862 1378 3944 rogis,

320 3958 519 4041 subscripsi.
576 3959 712 4043 ›14Ego
738 3959 913 4024 Eadberht
935 3979 1048 4024 comes
1071 3959 1270 4043 subscripsi.
1327 3964 1366 4044 ›1‹

321 4057 398 4139 Ego
431 4059 547 4140 Tepra
575 4059 795 4125 consentiens
821 4060 1020 4143 subscripsi.
1077 4064 1117 4144 ›1‹
1136 4061 1213 4144 Ego
1240 4058 1378 4127 Aduulf

320 4158 539 4226 consentiens
569 4160 767 4243 subscripsi.
829 4163 869 4243 ›1‹
891 4158 968 4241 Ego
1007 4159 1124 4225 Ccoba
1154 4162 1372 4228 consentiens
