3134 5030
298 373 365 438 264
556 385 729 438 onaarnn
752 385 1093 456 prenosnxouronx.

759 621 896 689 ccix.

644 751 927 859 conuento,
952 780 1028 846 sio.

366 937 405 1018 »Β
422 933 656 1002 Anrrrnnour
672 931 839 1010 tonantis,
853 939 1012 996 cunctam
1028 931 1148 994 mundi
1169 931 1365 996 machinam

309 1035 533 1111 moderantis
548 1034 608 1115 qui
631 1043 696 1114 est,
712 1040 748 1098 et
772 1032 832 1114 qui
857 1041 944 1110 erat,
965 1039 1001 1097 et
1023 1032 1083 1114 qui
1108 1039 1274 1096 uenturus
1298 1039 1364 1109 est,

310 1136 476 1202 melliflua
490 1135 605 1218 gratia
618 1134 840 1212 concedente,
854 1132 931 1214 Ego
952 1131 1128 1196 Coenuull
1149 1151 1212 1194 rex
1236 1132 1365 1194 Merci-

311 1256 409 1302 orum
425 1235 594 1318 regimina
616 1242 750 1311 tenone,
766 1253 845 1296 cum
868 1232 1011 1302 consilio
1033 1238 1069 1298 et
1091 1251 1261 1296 consensu
1284 1251 1366 1314 pro-

312 1356 427 1402 cerum
443 1343 479 1400 et
494 1334 683 1401 satellitum
697 1353 864 1411 meorum,
879 1353 1025 1416 quorum
1038 1331 1129 1396 infra
1143 1339 1312 1398 caraxata
1323 1330 1367 1394 li-

313 1436 764 1521 quescuntuocabula,meo
786 1433 964 1516 praeclaro
987 1440 1091 1515 atque
1107 1432 1199 1496 fideli
1211 1431 1368 1515 pontifici

316 1535 548 1612 Deneberhto,
564 1543 600 1600 et
614 1535 680 1601 sibi
694 1535 896 1600 commissae
910 1531 1161 1615 Uuigornensis
1181 1532 1369 1596 aecclesiae

317 1635 591 1718 congregationi,
604 1636 670 1700 boo
693 1634 863 1699 libertatis
886 1632 1104 1716 priuilegium
1119 1632 1162 1696 de
1177 1632 1253 1696 istis
1268 1633 1370 1697 terri-

317 1735 416 1802 toriis
439 1755 645 1817 componere
665 1735 825 1814 decreui;
849 1733 980 1798 scilicet
993 1732 1036 1796 de
1051 1732 1276 1814 Heallingan,
1291 1752 1371 1796 cum

318 1835 448 1904 uillulis
472 1835 544 1898 suis
564 1837 601 1901 in
620 1835 825 1901 occidentali
843 1841 943 1917 parte
965 1833 1131 1898 Sabrinae
1154 1832 1317 1911 fluminis,
1336 1839 1372 1896 et

320 1937 363 2002 ab
378 1934 583 2000 occidentali
595 1935 759 2012 eiusdem,
771 1934 1036 2018 Spaecleahtun,
1052 1942 1088 1999 et
1101 1932 1308 2016 Hymeltun‚
1318 1940 1373 1998 at*

321 2055 388 2119 que
409 2035 645 2121 Hraefneshyl
665 2035 808 2115 scilicet,
823 2042 859 2100 et
875 2035 1159 2120 Hlappawurbin,
1178 2041 1283 2116 atque
1300 2033 1373 2098 Od-

321 2137 503 2218 dingalea;
525 2135 653 2202 liberas
668 2135 857 2218 conscripsi
872 2137 916 2200 ab
937 2135 1095 2200 omnibus
1117 2133 1194 2198 aliis
1216 2133 1374 2198 saecula-

322 2237 417 2301 ribus
437 2236 538 2300 rebus
555 2245 591 2302 et
605 2235 1010 2318 seruitutibus,exoeptis
1033 2242 1169 2300 tantum
1189 2234 1243 2298 his
1264 2235 1375 2299 tribus

323 2337 451 2414 causis,
473 2337 563 2400 arcis
588 2345 623 2402 et
646 2337 762 2421 pontis
788 2337 1056 2412 constructione,
1081 2343 1117 2400 et
1142 2335 1375 2418 expeditione.

326 2436 490 2504 Similiter
512 2436 601 2500 hane
624 2443 752 2501 terram
774 2456 912 2519 quoque
929 2453 992 2500 xv,
1008 2436 1232 2513 manentium,
1246 2435 1283 2498 in
1298 2436 1377 2501 loco

326 2539 386 2620 qui
400 2536 525 2601 dicitur
540 2537 827 2619 Ceadresleabge,
837 2537 1007 2602 libertatis
1022 2536 1215 2619 priuilegio,
1231 2535 1268 2598 in
1282 2541 1378 2601 cam*

327 2639 381 2721 pis
396 2643 431 2700 et
446 2636 556 2718 siluiS,
571 2638 797 2720 omnibusque
811 2637 921 2701 modis
940 2637 990 2700 sic
1012 2636 1156 2700 liberam
1177 2637 1379 2719 conscripsi.

328 2736 478 2802 Peracta
498 2745 552 2802 est
568 2745 684 2802 autem
697 2738 783 2802 baec
795 2737 938 2802 donatio
953 2755 1044 2800 anno
1059 2736 1250 2801 dominicae
1265 2737 1380 2801 incar-

327 2837 479 2904 nationis
503 2854 673 2902 ncecxvr.
696 2837 883 2902 indictione
905 2857 1009 2916 nona,
1037 2837 1135 2919 regni
1155 2857 1239 2902 uero
1267 2840 1380 2902 nostri

328 2938 430 3006 adeo
445 2938 617 3003 concessi.
630 2939 707 3000 xx⁰.
736 2935 909 3020 Augentis
921 2956 1005 3003 uero
1019 2937 1077 3002 uel
1098 2937 1270 3002 seruantis
1290 2939 1381 3005 banc

329 3044 469 3101 nostrae
482 3038 677 3102 donationis
689 3037 883 3102 libertatem
905 3039 1121 3120 omnipotens
1143 3038 1227 3102 deus
1250 3037 1324 3103 dies
1347 3047 1384 3104 et

329 3137 438 3200 uitam
452 3135 507 3202 hic
523 3146 559 3203 et
573 3138 609 3200 in
626 3137 742 3202 futuro
759 3145 898 3220 augeat,
915 3139 1113 3202 corroboret
1132 3146 1168 3202 et
1188 3139 1380 3204 benedicat.

331 3235 546 3301 Minuentem
560 3238 680 3321 utique
693 3238 749 3302 uel
764 3238 981 3320 frangentem
998 3238 1099 3316 banc,
1119 3238 1156 3302 in
1169 3257 1297 3321 magno
1311 3239 1383 3302 dis-

331 3336 454 3420 perdat
467 3338 541 3402 eius
554 3337 704 3402 districti
717 3339 888 3404 examinis
903 3337 971 3414 die,
986 3338 1054 3402 nisi
1073 3345 1155 3404 ante
1177 3357 1254 3402 cum
1280 3339 1383 3404 satis-

263 3494 265 3500 ,
331 3436 480 3504 laeuone
491 3437 735 3504 emendauerit.

387 3538 426 3619 ›1‹
443 3538 520 3620 Ego
536 3536 718 3616 coenuulf,
734 3559 797 3602 rex
812 3538 1033 3617 Marciorum,
1049 3540 1140 3605 hanc
1160 3541 1382 3608 donationem

331 3643 484 3702 nostram
500 3639 746 3704 consentiendo
761 3640 898 3722 signum
914 3641 1025 3708 crucis
1041 3639 1171 3705 Christi
1186 3661 1264 3706 mea
1277 3661 1383 3706 manu

330 3735 500 3818 impressi.
550 3739 589 3820 ›1‹
607 3739 684 3820 Ego
699 3737 866 3823 Aeltbryb
880 3741 999 3822 regine
1014 3742 1202 3806 consentio.
1253 3742 1292 3823 ›1‹
1308 3742 1384 3824 Ego

331 3833 489 3900 Wullred
505 3837 791 3923 archiepiscopus.
832 3841 871 3922 ›1‹
887 3840 963 3922 Ego
979 3840 1115 3906 Eatfert
1130 3841 1212 3905 dux.
1252 3841 1291 3922 ›1‹
1307 3841 1384 3925 Ego

333 3933 557 4001 Hereuuinus
570 3939 763 4022 episcopus.
807 3942 847 4022 ›1‹
864 3939 941 4021 Ego
954 3940 1113 4006 Wulfred
1127 3941 1209 4005 dux.
1253 3942 1384 4024 >14Ego

332 4033 538 4100 Reathunus
553 4039 745 4122 episcopua.
789 4042 829 4122 ›1‹
844 4038 920 4121 Ego
936 4039 1112 4106 Albbeard
1126 4041 1210 4107 dux.
1253 4042 1292 4123 ›1‹
1308 4042 1385 4126 Ego

332 4133 573 4202 Deneberhtus
602 4140 791 4223 episcopus.
856 4140 987 4223 ›14Ego
1016 4139 1172 4208 Beornob
1198 4143 1281 4207 dux.
1340 4145 1381 4226 ⁸1⁴
