3172 5030
323 370 366 434 12
577 387 749 434 cusarsn
772 385 1113 434 ancnosnxonrcnn.

325 545 550 623 Dorouernis‚
565 545 806 610 confirmamus
820 544 991 611 stabiliter
1005 543 1043 608 in
1056 563 1201 623 aeuum;
1227 551 1268 608 ut
1282 529 1376 628 quis-

325 650 402 731 quis
436 646 526 711 hanc
555 646 780 711 donacionem
814 665 925 710 meam
958 652 1073 709 mente
1106 645 1271 709 maliuola
1305 646 1375 710 dis*

324 768 482 831 rumpere
514 747 746 830 temptauerit,
771 747 859 812 sciat
889 766 927 810 se
956 765 1072 811 coram
1101 746 1166 810 deo
1189 752 1224 810 et
1246 748 1375 811 sanctis

324 850 459 932 angelis
478 848 552 913 eius
575 855 716 913 aeterno
738 848 958 913 anathemate
975 867 1093 911 reum:
1121 847 1278 930 quisquis
1292 867 1375 912 uero

324 953 410 1014 bene
425 949 581 1014 addendo
597 949 798 1014 custodierit
813 950 859 1014 sit
871 948 1072 1013 benedictus
1086 948 1123 1011 in
1138 948 1287 1014 saecula.
1366 992 1370 998 -

375 1045 414 1126 »14
436 1050 639 1115 Theodorus
663 1053 777 1133 gratia
799 1050 855 1114 dei
877 1049 1166 1132 archiepiscopus,
1187 1057 1331 1130 rogatus
1353 1069 1376 1114 a

323 1173 416 1236 rege,
431 1152 630 1234 subscripsi.
683 1145 722 1226 »14
746 1151 823 1234 Ego
838 1151 1026 1235 Osuuynus
1039 1171 1102 1215 rex
1115 1151 1256 1234 propria
1270 1169 1376 1214 manu

323 1251 510 1336 subscripsi
537 1259 573 1316 et
602 1254 771 1318 consensi.
824 1246 863 1327 »14
886 1251 962 1334 Ego
990 1251 1187 1316 Suebardus
1216 1252 1376 1316 consensi

323 1363 358 1419 et
373 1353 571 1436 subscripsi.
625 1347 664 1428 »14
689 1355 765 1437 Ego
781 1353 957 1418 Adrianus
980 1354 1087 1417 obbas
1108 1352 1272 1435 indignus
1294 1354 1375 1416 sub·

323 1454 456 1539 scripsi.
510 1447 549 1528 »14
565 1454 710 1539 Signum
723 1473 847 1520 manus
863 1455 967 1520 Ecca.
1021 1448 1060 1529 »14
1075 1453 1221 1538 Signum
1233 1453 1375 1519 Osiridi.

809 1752 884 1818 rx.

410 1907 431 1950 *
455 1878 726 1971 undenam
751 1904 815 1970 or
840 1902 991 1981 unna,
1014 1899 1116 1985 April
1129 1903 1196 1982 1st‚
1209 1902 1286 1966 cre.

378 2057 417 2138 »14
435 2055 481 2120 ΙΝ
495 2058 632 2121 nomine
646 2056 776 2122 domini
790 2057 846 2121 dei
865 2062 901 2120 et
920 2056 1104 2120 saluatoris
1127 2054 1209 2120 Iesu
1225 2053 1375 2120 Christi!

324 2155 400 2240 Ego
421 2157 610 2222 -Lotharius
636 2179 700 2222 rex
723 2157 1002 2233 cantuariorum,
1027 2176 1119 2221 anno
1143 2157 1242 2239 regni
1265 2157 1376 2221 nostri

322 2259 444 2340 primo,
467 2259 654 2324 indictione
677 2259 791 2336 tertia,
812 2260 876 2322 snb
904 2258 960 2322 die
982 2256 1208 2322 kalendarum
1230 2256 1376 2339 Aprilis,

322 2379 401 2423 cum
421 2360 564 2424 consilio
586 2360 793 2424 uenerabilis
810 2359 1058 2441 archiepiscopi
1073 2358 1247 2424 Theodori
1269 2365 1375 2442 atque

322 2480 492 2525 consensu
514 2461 701 2543 primorum
723 2481 888 2538 meorum,
905 2468 1032 2524 terram
1055 2460 1159 2524 trium
1181 2466 1375 2525 aratrorum

322 2561 359 2624 in
388 2562 535 2626 marisco
567 2562 627 2645 qui
661 2562 857 2645 appellatur
880 2559 1081 2625 Stodmerch
1114 2561 1215 2625 iuxta
1245 2559 1375 2625 Forde·

322 2662 472 2739 unicum,
491 2681 568 2726 cum
583 2664 705 2744 pratis,
717 2663 859 2745 campis,
873 2662 983 2740 siluis,
1001 2661 1165 2738 fontanis,
1178 2661 1374 2744 paludibus,

322 2761 518 2827 fluminibus
532 2770 568 2827 et
579 2765 736 2828 omnibus
753 2763 796 2827 ad
819 2763 973 2828 eamdem
987 2763 1237 2845 pertinentibus
1260 2762 1375 2840 rebus,

320 2863 358 2926 in
378 2863 456 2945 ipsa
470 2865 664 2947 quantitate
684 2865 773 2929 sicut
792 2865 983 2947 antiquitus
1005 2864 1285 2946 praedecessores
1307 2865 1375 2927 mei

322 2983 420 3046 reges
442 2965 608 3047 praedicti
629 2965 735 3029 libere
753 2972 950 3043 tenuerunt,
973 2965 1090 3029 abbati
1112 2971 1147 3028 et
1166 2964 1374 3030 monasterio

322 3065 415 3128 beati
449 3065 557 3143 Petri,
588 3066 823 3149 apostolorum
850 3066 1027 3151 principie,
1055 3066 1147 3149 quod
1184 3066 1288 3129 situm
1320 3073 1374 3131 est

321 3165 422 3229 iuxta
443 3167 619 3231 ciuitatem
633 3167 846 3232 Dorouernis
862 3169 899 3232 in
912 3167 1087 3244 suburbio,
1108 3168 1145 3230 in
1165 3167 1373 3249 sempiterno

322 3266 529 3350 possidenda
556 3268 773 3332 concedimus
805 3275 840 3332 et
870 3267 1131 3348 confirmamus3
1167 3269 1218 3332 ita
1243 3275 1283 3332 ut
1309 3287 1372 3332 nec

321 3369 420 3432 nobis
457 3388 520 3433 nec
551 3369 722 3451 aliquibus
749 3389 985 3435 successorum
1014 3377 1221 3447 nostrorum,
1252 3390 1372 3452 regum

320 3470 394 3533 siue
407 3470 599 3553 principum
622 3472 810 3535 autetiam
831 3471 1141 3536 ecclesiasticarum
1163 3470 1371 3553 dignitatum

320 3570 495 3651 gradibus
515 3570 646 3636 nefario
660 3573 863 3636 temeritatis
877 3591 966 3636 ausu
985 3572 1171 3655 aliquando
1186 3571 1372 3654 infringere

321 3671 377 3733 uel
391 3671 577 3736 diminuere
593 3672 722 3754 aliquid
745 3673 787 3737 de
809 3672 994 3739 donatione
1017 3680 1138 3737 nostra
1158 3673 1283 3752 liceat3
1310 3673 1370 3736 sed

320 3789 383 3852 pro
405 3772 554 3836 remedio
575 3774 709 3837 animae
731 3794 839 3853 meae,
864 3783 899 3838 et
921 3775 1137 3838 absolutione
1151 3781 1369 3855 peccatorum

322 3890 485 3950 meorum,
512 3874 563 3937 ita
589 3881 628 3939 ut
652 3875 821 3956 praedixi,
848 3875 986 3938 famulis
1013 3875 1069 3938 dei
1094 3877 1225 3957 absque
1254 3875 1370 3959 aliqua

320 3970 470 4036 laesione
484 3974 600 4038 omnia
611 3976 790 4057 praedicta
801 3977 836 4040 in
848 3995 971 4040 aeuum
985 3975 1124 4040 stabilia
1132 3983 1368 4059 permaneant.

322 4069 487 4154 Quisquis
520 4081 635 4140 autem
664 4076 850 4142 haeredum
881 4096 1186 4160 successorumque
1216 4096 1369 4141 meorum

321 4179 440 4254 regum
456 4172 616 4254 Careiae,
635 4178 691 4242 uel
705 4180 736 4243 si
750 4178 893 4261 quilibet
910 4179 1137 4244 saecularium
1158 4178 1367 4260 dignitatum
