3112 5032
449 459 621 510 curares
644 463 984 512 lncnosnxonrcsn.
1179 449 1243 514 183

186 619 262 684 loco
285 617 346 700 qui
361 611 559 682 nominatur
574 617 739 697 Aecleah,
761 626 797 684 et
819 626 926 684 testes
955 627 991 684 et
1012 622 1239 687 consistentes

186 719 235 782 bii
250 717 390 783 fuerunt
403 739 551 802 quorum
562 720 703 785 nomina
717 719 806 782 infra
822 721 1005 785 annotabo.

236 812 362 901 *1⁴Ego
388 819 467 884 Offa
491 819 630 884 Christo
660 821 798 884 domino
820 821 1027 885 concedente
1054 838 1129 898 rex,
1156 839 1236 902 pro-

183 919 295 1001 priam
317 919 487 983 libertatis
522 920 816 984 confirmationem
840 920 941 1002 signo
961 926 1102 985 sanctae
1125 920 1237 984 crucis

184 1020 310 1083 munio.
340 1020 380 1100 ιχ(
395 1018 471 1100 Ego
489 1018 703 1102 Cynedritha
715 1020 770 1084 dei
786 1020 876 1084 dono
891 1019 1023 1102 regina,
1038 1019 1117 1084 huic
1132 1019 1236 1084 liber-

184 1119 251 1184 tati
264 1118 451 1184 consentio.
491 1120 530 1200 ιχ(
545 1119 623 1202 Ego
639 1119 822 1202 Ecgsridus
837 1119 928 1183 filius
943 1121 1035 1202 regis
1048 1121 1234 1184 subscribo.

190 1219 229 1299 ιχ(
246 1219 323 1300 Ego
345 1216 583 1301 Aethelburga
605 1220 782 1285 abbatissa
796 1219 964 1284 consensi.
1004 1222 1044 1302 ιχ(
1059 1219 1136 1302 Ego
1151 1218 1235 1284 Ael-

184 1318 274 1382 deda
284 1319 384 1400 uirgo
393 1321 563 1384 consensi.
602 1322 642 1402 ιχ(
661 1321 736 1402 Ego
751 1320 939 1402 Eadburga
951 1321 1051 1402 uirgo
1065 1321 1235 1385 consensi.

189 1418 229 1498 ιχ(
248 1419 324 1501 Ego
341 1418 536 1484 lambertus
560 1420 674 1501 gratia
694 1421 749 1484 dei
772 1420 980 1485 concedente
1006 1420 1233 1503 archiepisco-

183 1538 262 1602 pus,
285 1518 444 1602 synodali
466 1519 612 1602 collegio
639 1521 839 1604 praesidens
866 1520 902 1583 in
929 1521 1005 1584 loco
1025 1519 1086 1602 qui
1110 1520 1235 1584 dicitur

184 1616 349 1696 Aecleah,
367 1639 445 1684 cum
460 1619 604 1685 consilio
626 1623 865 1705 episcoporum
881 1627 916 1684 et
930 1621 1094 1684 abbatum
1109 1627 1145 1684 et
1160 1639 1233 1683 om-

183 1719 278 1784 nium
298 1720 358 1802 qui
374 1720 477 1784 simul
495 1739 629 1784 mecum
651 1729 751 1786 erant
772 1722 832 1799 ibi,
850 1719 930 1783 huic
943 1720 1094 1784 libertati
1104 1727 1141 1784 et
1151 1739 1232 1784 con-

183 1819 368 1884 firmationi
383 1820 542 1886 consensi
568 1828 604 1885 et
627 1822 896 1904 subscripsi.·1‹.
928 1818 1022 1885 Acta
1042 1827 1126 1884 sunt
1147 1819 1233 1884 hacc

182 1920 275 2001 apud
296 1917 461 2001 Aecleah,
484 1940 575 1986 anno
597 1921 843 1987 incarnationis
872 1919 1001 1985 Christi
1017 1921 1232 1984 ncc⁰nxxx⁰.

182 2020 338 2102 septimo.

646 2193 767 2205 -—

650 2316 766 2382 CLII.

588 2461 732 2541 OFFA,
753 2461 830 2528 788.

236 2616 275 2696 ιχ(
293 2613 337 2678 In
361 2612 498 2678 nomine
520 2601 576 2676 dei
593 2611 717 2676 summi
740 2619 777 2676 et
791 2612 974 2678 saluatoris
998 2614 1109 2679 nostri
1126 2614 1231 2681 Ihesu

182 2713 324 2792 Christi,
349 2714 492 2798 ipsoque
522 2714 559 2777 in
581 2718 747 2796 perpetuo
768 2719 936 2793 regnante
960 2712 1231 2799 disponenteque

180 2816 336 2879 suauitcr
350 2813 478 2892 omnia,
492 2820 633 2877 terrena
645 2832 781 2895 quoque
801 2820 939 2896 sceptra
951 2820 987 2878 et
1001 2814 1133 2896 regalia
1154 2817 1232 2881 iura

180 2903 416 2998 temporaliter
451 2913 699 2978 distribuente!
754 2912 855 2977 Unde
888 2920 923 2978 et
953 2933 1019 2996 ego
1049 2914 1138 2993 Offa,
1167 2935 1230 2982 rex

182 3013 404 3092 Merciorum,
423 3014 574 3096 aliquam
588 3021 715 3079 terram
727 3033 790 3095 pro
806 3013 955 3077 remedio
976 3020 1011 3077 et
1025 3015 1137 3080 salute
1155 3018 1230 3081 ani-

180 3134 258 3179 mae
275 3134 372 3179 meae
394 3115 541 3191 cadam,
555 3115 591 3178 id
605 3121 671 3191 est,
691 3133 754 3177 sex
774 3120 979 3192 aratrorum,
995 3115 1054 3179 ubi
1073 3117 1230 3181 nomina·

181 3214 468 3292 tanrottesclib,
479 3214 524 3278 ad
539 3213 740 3278 aecclesiam
753 3213 847 3276 beati
855 3211 1016 3277 Andreae
1031 3217 1179 3296 apostoli
1194 3225 1230 3282 et

180 3315 224 3378 ad
249 3314 460 3398 episcopium
484 3313 618 3378 castelli
639 3311 731 3395 quod
755 3313 953 3376 nominatur
974 3312 1229 3396 Hrofescester,

179 3416 238 3479 ubi
261 3416 385 3478 beatus
407 3411 576 3478 Paulinus
597 3419 734 3495 pausat,
748 3432 852 3494 quam
875 3413 979 3477 etiam
999 3413 1229 3497 episcopalem

179 3515 294 3580 sedem
307 3514 409 3580 modo
423 3513 461 3578 in
477 3513 650 3596 praesenti
672 3512 737 3576 rite
758 3512 848 3594 regit
862 3512 1127 3576 Uuaermundus
1149 3515 1229 3579 reli·

179 3616 298 3696 giosus
313 3616 470 3678 antistes.
524 3613 629 3678 Hanc
650 3613 768 3695 itaque
782 3611 1015 3694 supradictam
1034 3618 1162 3677 terram
1183 3617 1227 3680 ad

179 3716 270 3780 banc
283 3715 514 3780 conditionem
528 3713 774 3797 perpetualiter
786 3712 979 3776 habendam
999 3719 1035 3776 et
1049 3715 1227 3796 possiden-

178 3816 258 3879 dam
278 3816 440 3892 concedo,
457 3834 535 3879 cum
557 3814 714 3878 omnibus
736 3813 779 3877 ad
794 3831 871 3877 eam
893 3813 957 3876 rite
976 3815 1227 3895 pertinentibus

178 3917 293 3994 rebus,
308 3935 386 3980 cum
400 3915 543 3997 campis,
558 3914 667 3992 siluis,
681 3913 832 3996 pascuis,
849 3913 970 3996 pratis,
984 3915 1227 3995 pastinationi-

178 4016 255 4094 bus,
278 4023 413 4082 etcum
438 4015 586 4098 propriis
611 4015 776 4080 terminis
829 4013 946 4077 Huius
971 4020 1086 4077 autem
1114 4022 1227 4082 terrae

178 4116 316 4181 termini
338 4124 419 4182 sunt
444 4117 522 4197 isti3
547 4115 591 4180 ab
614 4115 744 4181 oriente
766 4121 803 4178 et
818 4133 840 4178 a
853 4113 994 4178 meridie
1010 4114 1226 4202 Boerlingas,

178 4217 223 4281 ab
236 4216 415 4283 occidente
430 4215 660 4295 Uurotabam,
675 4216 719 4281 ab
733 4214 894 4298 aquilone
911 4214 1130 4297 Meapaham.
