3112 5032
339 406 403 472 190
596 422 768 471 ennarnu
792 422 1132 475 nnenossxonrcun.

339 580 538 645 nominatur
562 580 792 663 Bromgeheg,
817 600 895 646 cum
927 579 1127 646 certissimis
1149 588 1263 646 terrae
1288 580 1391 645 huius

336 680 515 759 limitibus,
537 701 626 764 quae
649 681 753 745 habet
776 682 820 746 ab
844 679 976 746 oriente
1002 680 1247 760 Uuuodafleot,
1273 700 1295 745 a
1316 701 1390 746 me-

338 781 423 844 ridie
438 801 521 846 uero
543 783 621 847 fons
641 781 794 865 quidam,
808 787 844 846 ot
858 781 952 846 fossa
974 781 1197 859 circumdata,
1213 789 1249 847 et
1262 783 1389 846 exinde

337 882 428 963 sepis
451 882 619 963 quaedam
644 883 796 964 itemque
822 880 954 945 fossata
976 883 1020 944 ab
1042 881 1218 946 occidente
1239 889 1273 946 et
1296 883 1390 946 notis

336 981 446 1062 signis
483 981 696 1064 designatur,
728 983 772 1045 ab
807 981 969 1064 aquilone
1002 981 1182 1045 mariscem
1217 983 1391 1047 uocabulo

337 1079 462 1162 Scaga,
477 1101 581 1164 quam
595 1083 700 1146 etiam
720 1080 927 1146 circumfluit
941 1081 1142 1162 Iaognlaad.
1197 1080 1302 1145 Hanc
1326 1101 1390 1146 au-

335 1187 405 1268 tem
428 1188 554 1246 terram
576 1181 640 1245 tibi
662 1181 866 1247 tradendam
883 1188 918 1247 et
932 1180 1185 1263 possidendam,
1201 1189 1237 1244 et
1256 1182 1392 1247 aeccle-

336 1281 408 1345 siae
429 1281 508 1346 usui
526 1282 803 1364 mancipandam,
818 1301 921 1365 quam
944 1288 984 1345 tu
1002 1281 1077 1345 iure
1096 1283 1281 1362 gubernas,
1305 1302 1390 1346 con-

335 1381 429 1446 cedo.
496 1379 535 1444 Si
559 1383 636 1464 quis
660 1401 743 1446 uero
769 1401 1005 1446 successorum
1032 1400 1186 1445 meorum
1213 1383 1270 1445 uel
1292 1383 1390 1464 prin·

336 1481 449 1563 cipum
464 1479 554 1545 hanc
569 1482 790 1547 donationem
812 1501 923 1546 meam
944 1481 1126 1545 immutare
1150 1484 1388 1564 temptauerit,

334 1581 380 1645 sit
392 1579 590 1645 Anathema
605 1582 827 1660 Maranatha,
850 1601 960 1663 usque
982 1581 1063 1644 dum
1077 1580 1237 1645 dominus
1254 1583 1387 1661 ueniat,

336 1681 396 1762 qui
412 1680 625 1746 iudicaturus
648 1688 702 1746 est
726 1684 842 1747 orbem
862 1681 1026 1746 terracin
1041 1681 1226 1763 aequitate.
1279 1681 1388 1748 Hanc

333 1779 502 1844 cartulam
529 1782 706 1864 signaculo
735 1783 845 1846 crucis
875 1780 1005 1846 Christi
1028 1781 1231 1846 confirmem
1252 1783 1387 1861 uolens,

334 1879 475 1962 propria
487 1901 604 1959 manu,
619 1902 753 1946 necnon
767 1889 803 1946 et
816 1882 903 1946 ahos
917 1881 1096 1964 religiosos
1112 1880 1253 1946 adhibui
1266 1889 1387 1962 testes,

335 1999 481 2062 quorum
496 1983 638 2046 nomina
651 1981 742 2046 infra
756 1983 974 2047 adnotentur.
1025 1979 1156 2046 Actum
1171 2001 1263 2047 anno
1277 1982 1389 2047 domi·

334 2081 432 2144 nicae
457 2081 704 2147 incarnationis
734 2099 968 2148 nccnxxxlx.
1001 2081 1039 2146 in
1065 2082 1142 2146 loco
1170 2083 1231 2146 ubi
1259 2081 1386 2148 dicitur

337 2177 495 2264 Celchyb.
570 2243 578 2260 ,

389 2280 428 2360 ιχ(
443 2281 520 2363 Ego
536 2281 615 2347 Offa
636 2301 699 2346 rex
715 2278 937 2359 Marciorum,
954 2280 1044 2345 hanc
1066 2281 1300 2364 supradictam
1322 2281 1385 2346 do-

334 2381 508 2445 nationem
528 2402 640 2447 meam
654 2383 754 2465 signo
770 2388 913 2446 sanctae
932 2382 1043 2445 crucis
1060 2379 1189 2446 Christi
1212 2383 1384 2447 roboraui.

339 2482 379 2562 ιχ(
394 2481 471 2562 Ego
481 2480 721 2560 Iaenberhtus,
733 2482 847 2564 gratia
862 2482 917 2546 dei
933 2480 1210 2564 archiepiscopus
1225 2484 1385 2547 consensi

300 2641 306 2652 ,
330 2586 367 2643 et
376 2581 571 2665 subscripsi.
629 2584 669 2664 ιχ(
684 2581 760 2664 Ego
775 2580 982 2664 Hygeberht
996 2581 1273 2664 archiepiscopus
1304 2584 1387 2647 sub-

331 2679 463 2762 scripsi.
521 2683 561 2764 ιχ(
582 2682 658 2764 Ego
689 2679 854 2748 Ceoluulf
874 2681 1056 2764 episcopus
1085 2681 1280 2764 subscripsi.
1338 2683 1378 2764 ιχ(

333 2780 409 2861 Ego
426 2779 631 2846 Heardraed
646 2782 828 2864 episcopus
843 2781 1039 2863 subscripsi.
1069 2781 1108 2862 ιχ(
1120 2781 1197 2863 Ego
1209 2780 1384 2846 Unuuona

331 2880 513 2964 episcopus
542 2882 741 2964 subscripsi.
803 2882 842 2962 ιχ(
869 2881 946 2962 Ego
976 2880 1174 2964 cyneberht
1202 2881 1383 2964 episcopus

331 2981 528 3064 subscripsi.
592 2983 632 3064 ιχ(
646 2982 723 3064 Ego
753 2978 948 3062 Ealgheard
977 2981 1159 3062 episcopus
1184 2982 1381 3064 subscripsi.

337 3079 464 3162 ›14Ego
487 3082 627 3165 Eadgar
656 3082 838 3165 episcopus
868 3080 1066 3162 subscripsi.
1124 3082 1164 3162 ιχ(
1178 3081 1255 3162 Ego
1275 3081 1383 3164 Ealg·

330 3180 437 3243 mund
457 3182 563 3247 abbas
590 3181 790 3266 subscripsi.
848 3182 888 3262 ιχ(
903 3181 979 3262 Ego
1002 3181 1147 3245 Beonna
1171 3182 1277 3246 abbas
1299 3183 1381 3246 sub-

331 3279 464 3363 scripsi.
536 3283 575 3364 ιχ(
600 3282 745 3364 Signum
775 3299 899 3344 manus
934 3279 1105 3362 Ecgfrithi
1134 3281 1224 3365 regis
1254 3281 1380 3346 Merci-

331 3397 437 3458 orum.
495 3382 535 3462 ιχ(
555 3381 701 3464 Signum
728 3400 851 3445 manus
880 3380 1119 3446 Bcrhtuualdi.
1176 3382 1216 3463 ιχ(
1235 3381 1381 3465 Signum

329 3499 454 3546 manus
483 3481 661 3547 Eadbaldi.
726 3482 766 3562 ιχ(
787 3481 931 3563 Signum
958 3500 1081 3546 manus
1106 3481 1273 3547 Brordan.
1335 3484 1375 3565 ιχ(

330 3579 477 3662 Signum
513 3601 636 3646 manus
675 3580 923 3647 Aethilhoardi.
1003 3583 1043 3664 ιχ(
1073 3580 1217 3664 Signum
1257 3602 1378 3647 manus

330 3678 543 3746 Ceolmundi.
600 3683 640 3763 ιχ(
656 3680 800 3765 Signum
828 3701 951 3746 manus
982 3681 1120 3746 Ubban.
1177 3682 1216 3762 ιχ(
1233 3681 1375 3765 Signum
1513 3673 1514 3699 ¹

329 3799 452 3845 manus
478 3781 680 3848 Heaberhti.
739 3784 778 3864 ιχ(
792 3782 938 3865 Signum
954 3799 1078 3847 manus
1103 3779 1276 3846 Forbredi.
1334 3783 1372 3863 ιχ(

329 3876 474 4046 ῗὲἷῖἑιιηι
499 3903 622 3948 manus
653 3883 847 3965 Unigcgan.
906 3886 946 3965 ιχ(
960 3883 1106 3964 Signum
1134 3901 1258 3946 manus
1278 3880 1376 3947 Geol·
