3172 5030
467 442 641 494 curnula
664 446 1005 521 nucnosnxomonn
1216 430 1260 498 13.

207 611 269 669 aut
296 604 619 684 ecclesiasticarum,
643 606 685 670 de
708 606 906 688 supradicta
927 604 1126 681 donatione,
1156 624 1259 687 quam

208 724 271 787 pro
296 708 438 770 aeterna
458 708 733 772 remuneratione
756 709 891 771 animae
913 725 1012 770 meae
1031 706 1260 787 omnipotenti

209 805 274 870 deo
299 806 342 870 ad
367 805 553 872 utilitatem
571 807 818 872 famolancium
837 808 869 872 ei
887 807 924 871 iu
943 808 997 871 ius
1016 807 1259 872 monasteriale

210 913 348 986 constat
371 925 446 971 esse
468 908 644 990 largitum,
669 909 799 992 aliquid
826 909 1038 991 disrumpere
1057 914 1119 971 aut
1136 908 1258 972 immu-

211 1013 286 1074 tare
321 1007 377 1071 uel
411 1009 546 1073 irritum
578 1009 691 1074 facere
725 1009 956 1092 temptauerit,
993 1008 1080 1072 sciat
1113 1026 1150 1071 se
1185 1009 1260 1074 sine

210 1107 313 1172 dubio
349 1109 576 1194 omnipotenti
609 1111 674 1175 deo
703 1110 858 1176 fraudem
888 1109 1014 1186 facere,
1046 1115 1081 1172 et
1108 1109 1254 1198 proinde
1335 1141 1337 1146 ·

210 1227 325 1276 coram
347 1229 388 1275 eo
410 1217 446 1274 et
472 1212 601 1276 sanctis
624 1213 757 1294 augelis
780 1212 853 1276 eius
876 1217 1017 1276 aeterno
1039 1207 1258 1298 anathemate

210 1329 317 1374 reum.
361 1310 568 1395 Quicunque
587 1332 671 1377 uero
693 1313 778 1378 haec
793 1332 871 1396 quae
884 1312 1013 1394 largita
1025 1309 1260 1393 praediximus

210 1412 273 1474 sub
296 1411 355 1493 pia
378 1413 592 1494 protectione
614 1413 826 1490 custodierit,
854 1413 911 1478 uel
930 1412 985 1476 dei
1003 1411 1132 1475 intuitu
1158 1412 1261 1476 mise-

210 1510 390 1575 ricorditer
412 1514 560 1590 auxerit,
575 1514 622 1576 sit
634 1514 835 1578 benedictus
850 1514 886 1578 in
903 1513 1054 1589 saecula,
1074 1511 1260 1595 audiatque

211 1611 257 1680 in,
280 1610 335 1674 die
363 1613 550 1678 nouissimo
577 1614 743 1694 tremendi
771 1615 940 1680 examinis
968 1614 1012 1678 ab
1041 1613 1118 1695 ipso
1148 1612 1261 1678 iudice

211 1711 363 1775 omnium
376 1711 514 1778 Christo
528 1715 678 1792 domino,
690 1722 850 1779 aeternae
867 1714 1113 1780 benedictionis
1127 1734 1259 1793 uocem,

213 1811 339 1876 Uenite
361 1814 531 1879 benedicti
557 1817 666 1898 patris
695 1817 774 1896 mei,
802 1817 967 1900 percipite
996 1834 1140 1898 regnum
1168 1815 1260 1898 quod

211 1913 310 1977 uobis
330 1922 489 1997 paratum
510 1923 563 1982 est
589 1918 632 1981 ab
651 1917 784 2001 origine
804 1917 940 2008 mundi:
970 1923 1132 1981 manente
1154 1917 1262 1998 igitur

211 2015 276 2079 hac
291 2016 425 2080 cartula
438 2017 474 2081 iu
488 2037 553 2082 sua
574 2038 709 2102 semper
722 2019 896 2097 firmitate,
912 2038 990 2082 cum
1006 2017 1175 2100 religiosis
1188 2025 1259 2082 tes-

211 2117 315 2193 tibus,
334 2117 434 2199 signo
456 2117 646 2184 dominicae
664 2122 787 2200 crucis,
810 2122 847 2186 in
872 2118 938 2184 hoc
959 2119 1036 2184 loco
1054 2118 1114 2201 qui
1136 2118 1262 2183 dicitur

212 2219 438 2296 Dorouernis‚
453 2221 624 2286 stabiliter
637 2222 674 2285 in
689 2240 813 2286 aeuum
828 2221 1081 2286 confirmamus.

265 2311 304 2392 »14
328 2319 405 2400 Ego
434 2319 620 2385 Lotharius
644 2340 708 2384 rex
731 2321 881 2386 Canciae
903 2320 1139 2404 suprascripta
1161 2319 1262 2401 signo

213 2427 354 2484 sanctae
367 2420 477 2482 crucis
492 2440 554 2502 per
563 2421 739 2504 propriam
751 2440 892 2485 manum
904 2420 1077 2485 roboraui.
1130 2413 1169 2494 »14
1186 2420 1262 2501 Ego

213 2518 416 2585 Theodorus
437 2521 552 2602 gratia
572 2520 628 2584 dei
649 2521 938 2604 archiepiscopus,
960 2531 1104 2602 rogatus
1127 2541 1149 2586 a
1170 2539 1263 2602 rege,

213 2619 412 2703 subscripsi.
465 2615 504 2696 »14
528 2621 605 2704 Ego
632 2618 809 2686 Adrianus
845 2623 953 2688 abbas
986 2620 1149 2704 indignus
1182 2622 1265 2685 sub·

212 2723 345 2805 scripsi.
393 2715 432 2796 »14
454 2723 599 2806 Signum
613 2742 736 2788 manus
752 2723 856 2789 Ecca.
908 2721 948 2802 »14
967 2722 1112 2806 Signum
1124 2721 1272 2806 Osfridi,

713 3001 765 3069 Χ.

481 3176 502 3219 *
527 3146 738 3241 osomru
763 3172 827 3238 or
852 3141 1027 3238 usur.¹

271 3327 310 3408 »14
332 3326 378 3392 ΙΝ
393 3326 530 3391 nomine
546 3324 675 3389 domini
688 3323 798 3388 nostri
815 3323 896 3387 lesu
910 3321 1062 3388 Christi!
1104 3323 1180 3405 Ego
1198 3322 1265 3388 Os-

216 3426 343 3492 nuinus
358 3447 420 3490 rex
435 3426 702 3492 cantuariorum
716 3425 848 3507 gratias
871 3422 982 3488 refero
1002 3423 1180 3491 miseranti
1200 3423 1265 3488 deo

217 3528 445 3610 omnipotenti
463 3528 523 3610 qui
540 3526 758 3591 confirmauit
772 3544 826 3588 me
836 3525 872 3588 in
891 3544 1000 3607 regno
1018 3531 1156 3606 patrum
1172 3544 1266 3588 meo-

217 3647 293 3692 rum
313 3635 348 3692 et
370 3627 465 3692 dedit
479 3627 562 3692 mihi
581 3626 721 3691 domum
736 3624 958 3706 cognacionis
977 3643 1085 3688 meae.
1133 3624 1265 3705 Quam-

218 3730 335 3793 obrem
369 3729 500 3811 placuit
528 3727 623 3804 mihi,
657 3746 701 3790 ne
731 3726 890 3808 ingratus
926 3724 1099 3788 beneficiis
1135 3725 1265 3790 domini

217 3830 366 3907 uiderer,
399 3836 435 3894 et
466 3837 593 3894 terram
622 3846 711 3910 quae
740 3827 808 3891 sita
837 3832 891 3890 est
921 3825 958 3890 in
987 3826 1102 3890 insula
1128 3827 1266 3892 Thanat

187 3945 189 3948 ·
217 3947 322 3995 xvnr.
343 3938 522 3996 manentes
542 3929 787 4004 continentem,
803 3947 908 4011 quam
922 3926 1107 4009 aliquando
1123 3928 1265 3992 Yrmin·

217 4032 320 4096 redas
350 4031 549 4115 possidebat
570 4037 605 4094 et
627 4029 744 4112 aliqua
773 4047 855 4112 pars
882 4027 992 4111 ipsius
1019 4027 1267 4112 archiepiscopi

217 4140 304 4212 erat,
323 4132 399 4215 ipso
425 4140 542 4197 tamen
564 4130 803 4197 consenciente
826 4137 860 4193 et
885 4129 1030 4194 aliama
1055 4130 1153 4194 uobis
1176 4131 1266 4195 acci-

217 4235 344 4316 piente,
373 4233 610 4300 monasteriali
641 4231 801 4298 seruituti
834 4229 974 4296 subieci.
1030 4229 1202 4316 Nuncque
1229 4233 1266 4297 in
