3112 5032
439 441 610 491 carrusa
633 443 974 491 nucnosnxoulcnn.
1167 429 1231 493 179

171 603 254 665 urbs
277 607 330 665 est
353 601 498 685 antiquo
515 600 653 665 nomine
670 602 977 683 Baeningesburg3
1001 600 1049 665 ibi
1072 607 1126 664 est
1151 609 1220 666 ter-

170 701 283 765 minus
309 701 385 782 agri
397 701 489 764 illius
505 719 642 764 sursum
660 701 697 764 in
718 708 834 766 monto
848 709 883 766 et
897 721 919 764 a
931 701 1071 765 meridie
1087 701 1220 766 discen-

169 800 254 864 dens
269 820 331 884 per
343 801 520 883 planitiem
535 800 661 864 fluuius
676 799 816 866 Carent.
863 801 964 865 Unde
980 809 1020 866 ut
1035 821 1076 866 eo
1091 801 1221 864 firmius

170 903 221 983 [et
243 901 419 982 stabi]lius
440 900 526 964 haec
549 900 689 964 donatio
713 921 789 965 mea
811 922 873 983 pro
893 902 1069 984 ereptione
1086 901 1221 966 animae

168 1021 265 1064 meae
289 1019 454 1064 concessa
478 1008 691 1083 permaneat,
710 1001 852 1065 testium
875 1008 910 1067 et
932 1001 1222 1066 consentientium

167 1101 270 1182 signa
283 1107 319 1164 et
330 1101 471 1164 nomina
481 1101 667 1183 perscribo.

224 1204 263 1284 »14
280 1201 357 1284 Ego
375 1199 453 1264 offa
478 1220 541 1264 rex
557 1200 790 1264 Marcensium
805 1200 885 1265 huic
899 1199 1078 1264 donationi
1100 1201 1218 1264 subre-

170 1301 243 1382 guli
268 1303 335 1366 mci
356 1301 575 1367 consentiens
600 1309 636 1364 et
657 1315 720 1383 pro
748 1300 877 1364 maiore
901 1300 1064 1364 firmitate
1080 1300 1219 1381 signum

168 1407 309 1464 sanctae
324 1402 434 1467 crucis
449 1402 560 1467 infixi.
618 1403 656 1485 »14
675 1402 752 1483 Ego
768 1399 941 1464 Aldredus
957 1401 1096 1482 regulus
1106 1418 1219 1462 meam

168 1501 439 1566 munificentiam
459 1504 686 1568 corroborans
716 1503 853 1585 siguum
881 1500 1077 1564 uenerabile
1107 1500 1218 1563 crucis

170 1600 300 1665 Christi
327 1601 473 1690 inposui.
539 1602 578 1681 »14
595 1601 671 1681 Ego
700 1601 917 1664 Eadberhtus
947 1601 1061 1681 gratia
1090 1599 1219 1663 domini

167 1700 363 1783 episcopus
378 1700 536 1765 consensi
550 1706 585 1764 et
600 1699 798 1780 subscripsi.
856 1703 894 1781 »14
906 1698 983 1782 Ego
993 1699 1216 1763 Berhthunus

168 1800 223 1865 dei
236 1800 330 1864 dono
346 1801 502 1877 antistes,
517 1797 675 1864 consensi
690 1806 725 1862 et
739 1799 938 1883 subscripsi.
996 1801 1036 1881 »14
1051 1799 1127 1880 Ego
1143 1799 1217 1863 Til·

168 1899 271 1964 herus
285 1900 341 1964 dei
354 1921 493 1964 munere
514 1900 665 1983 praesul,
688 1900 847 1963 consensi
870 1907 906 1964 et
919 1899 1117 1981 subscripsi.
1173 1900 1213 1980 »14

168 2000 313 2082 Signum
350 2019 472 2064 manus
502 1998 620 2065 (lusan
650 2000 797 2064 abbatis.
855 2001 894 2080 »14
912 1999 1056 2081 Signum
1093 2016 1218 2062 manus

169 2099 313 2164 Uuillan
335 2101 481 2164 abbatis.
539 2102 578 2182 »14
593 2098 738 2180 Signum
761 2119 883 2164 manus
900 2099 1039 2163 Tredan
1066 2099 1214 2163 abbatis

173 2201 212 2281 »14
227 2192 371 2281 Signum
381 2219 502 2264 manus
518 2198 674 2264 Baeolan
688 2199 835 2264 abbatis.
878 2202 917 2281 »14
933 2199 1078 2281 Signum
1093 2217 1216 2262 manus

169 2298 313 2364 Uuillan
326 2300 472 2364 abbatis.
527 2303 567 2382 »14
582 2299 728 2382 Signum
742 2318 865 2362 manus
880 2299 1050 2364 Tilberhti
1070 2299 1217 2364 abbatis.

173 2401 212 2480 »14
230 2399 374 2483 Signum
411 2419 534 2464 manus
569 2399 741 2465 Brordani
777 2398 953 2483 principis.
1018 2401 1058 2480 »14
1073 2397 1217 2480 Signum

167 2517 291 2563 manus
306 2499 534 2564 Berbtuualdi
544 2499 720 2583 principis.
770 2499 810 2579 »14
824 2499 969 2580 Signum
984 2517 1108 2562 manus
1123 2498 1216 2561 Ead-

167 2599 261 2662 baldi
290 2600 466 2682 principie.
524 2602 563 2681 »14
577 2601 721 2682 Signum
757 2618 895 2662 manus·
918 2599 1003 2662 Esni
1038 2597 1214 2680 principis.

172 2700 211 2780 »14
228 2698 371 2782 Signum
408 2717 530 2763 manus
562 2700 732 2773 Eadbaldi
769 2699 944 2783 principis.
1016 2700 1056 2780 »14
1070 2697 1215 2778 Signum

167 2817 289 2863 manus
310 2800 441 2865 Uuales
463 2798 639 2883 praefecti.
658 2833 660 2838 ·
695 2802 734 2881 »14
752 2799 896 2880 Signum
922 2816 1045 2862 manus
1069 2795 1217 2861 Cubredi

166 2899 342 2981 praefecti.
413 2900 611 2984 ›14Signum
644 2915 767 2978 manus
799 2897 1009 2982 Cyneberbti
1036 2896 1213 2980 praefecti.

171 2999 211 3080 »14
230 2999 375 3083 Signum
392 3019 514 3064 manus
529 2999 682 3064 Duddan
694 2999 860 3083 pincerni.

222 3097 334 3164 Gesta
369 3108 451 3165 sunt
488 3100 573 3164 haec
612 3119 704 3164 anno
741 3099 932 3164 dominicae
968 3095 1214 3162 incarnationis

166 3213 308 3265 nccuvl.
324 3203 421 3283 regni
435 3199 538 3264 Offan
552 3199 643 3282 regis
658 3199 868 3265 Merciorum
882 3199 963 3262 111³&
981 3199 1106 3262 annus.

572 3373 575 3380 '
636 3375 757 3388 -n-——r
794 3367 797 3375 ¹

602 3494 781 3559 CXLIX.
989 3583 994 3594 ί

398 3642 567 3709 *OFFA
591 3642 655 3708 OF
679 3638 888 3720 MERCIA,
910 3639 986 3704 785.

203 3796 242 3878 »14
257 3794 303 3858 Iu
313 3793 451 3859 nomine
465 3793 593 3859 domini
604 3790 726 3857 summi
745 3789 930 3879 saluatoris
944 3787 1086 3854 mundi!
1111 3789 1213 3854 Solus

162 3894 221 3959 ille
240 3915 305 3960 rex
324 3895 494 3959 saeculari
512 3894 555 3958 de
568 3900 741 3976 potestate
763 3892 916 3974 regimen
938 3897 1030 3954 recte
1050 3889 1213 3971 disponit,

162 3995 222 4078 qui
244 3996 391 4060 terrenis
420 4015 461 4058 ac
485 3994 624 4058 caducis
647 3993 810 4058 coelestia
838 4003 1038 4074 comparare
1067 3996 1214 4053 conatur

160 4096 326 4179 praemia.
379 4094 515 4159 Idcirco
529 4114 594 4176 ego
610 4092 700 4172 offa,
716 4093 835 4156 diuina
847 4092 1069 4175 dispensante
1082 4089 1213 4172 pietate

162 4196 363 4262 monarchia
377 4194 580 4260 Morciensis
595 4194 693 4276 regni
707 4195 872 4270 munitus,
887 4210 949 4276 pro
965 4209 1082 4255 amore
1105 4189 1214 4253 omni-

1034 4315 1050 4350 u
1067 4305 1083 4350 ἢ
