3112 5032
342 445 408 512 186
602 457 775 507 cunarum
797 457 1140 509 ancnosaxorucnn.

341 619 427 682 baec
442 616 562 682 cadem
576 617 751 700 consigno.
796 611 836 691 *1⁴
846 616 922 699 Ego
937 615 1098 680 similiter
1112 614 1293 684 Berbtbnn
1309 620 1392 685 baec

345 719 463 783 eadem
478 724 662 783 contestor.

389 910 618 996 Tbesollcwinq
628 910 730 976 aaron
754 911 933 973 buosbtion
955 908 996 995 <ff
1006 910 1054 972 tte
1077 931 1158 974 same
1180 911 1309 988 abactor,
1321 912 1392 974 wita

347 1000 515 1068 variatione
525 1000 558 1060 ia
572 999 621 1060 tbc
634 998 711 1074 date,
727 999 754 1060 is
764 999 854 1082 picen
869 997 908 1081 by
923 995 1065 1082 Heminq.

393 1114 451 1182 DA
465 1113 505 1178 bi
521 1134 659 1180 waeron
681 1115 789 1196 igine
812 1113 866 1178 fif
886 1113 1041 1177 hundred
1056 1111 1182 1177 wintra
1203 1129 1223 1192 Ἰ
1244 1111 1350 1194 nigau
1371 1129 1390 1192 *J

344 1214 596 1298 bundeabtatig
623 1216 749 1280 wintra
774 1214 863 1278 fram
887 1213 1008 1278 cristes
1034 1212 1214 1296 gebyrtide
1239 1212 1307 1276 offa
1328 1211 1391 1295 ky-

341 1317 427 1398 ning
451 1336 498 1381 on
522 1320 598 1402 bam
623 1317 667 1380 dn
693 1315 762 1379 and
787 1314 951 1400 brittigan
973 1333 1077 1396 goare
1104 1311 1158 1376 his
1185 1311 1392 1396 kyneddmes

342 1413 447 1501 gesrbe
476 1416 540 1480 ine
569 1416 648 1480 hide
686 1415 806 1480 landes
840 1421 899 1480 aet
931 1415 1173 1478 bradewassan
1211 1413 1284 1476 inte
1318 1414 1391 1498 brim

340 1523 495 1600 mynstre
519 1536 565 1580 on
589 1517 808 1598 wigrecestre
831 1503 904 1600 pam
930 1512 1094 1578 brothran
1115 1513 1150 1578 m
1171 1514 1276 1596 bryce
1301 1513 1321 1578 a
1347 1533 1394 1577 011

341 1617 400 1682 ece
416 1617 486 1680 swa
501 1615 596 1696 full]
613 1617 683 1681 swa
698 1614 771 1680 fora
789 1615 858 1680 swa
871 1615 915 1678 be
928 1614 1020 1679 secli
1030 1612 1163 1678 baefde.

397 1717 437 1797 ›1‹
451 1716 492 1780 Ic
507 1716 575 1781 offa
589 1716 673 1801 burh
688 1716 808 1781 cristes
821 1715 902 1800 gyse
914 1733 1078 1798 myrcena
1092 1713 1214 1795 kining
1227 1711 1286 1776 aas
1300 1713 1391 1776 mine

341 1834 453 1898 geoue
466 1816 537 1880 mid
550 1816 629 1881 rode
643 1816 741 1882 tiene
756 1813 983 1898 gesaestnige.
1030 1813 1120 1897 *1⁴1⁰
1133 1813 1251 1878 aldred
1266 1813 1392 1895 wigra-

341 1923 470 1982 cestres
485 1917 711 1999 undercining
724 1918 780 2003 bis
797 1916 872 1999 ylce
889 1935 998 1998 geoue
1014 1914 1238 1997 gesaestnige.
1296 1915 1335 1995 ᾖ
1353 1912 1393 1977 Ic

340 2016 502 2082 eadberht
532 2016 672 2100 bisceop
700 2018 757 2103 bis
784 2017 860 2102 ylce
890 2017 970 2102 bing
998 2014 1222 2098 gesaestnige.
1291 2012 1393 2095 »1⁴10

339 2113 488 2182 berhtun
499 2115 550 2181 bis
565 2117 641 2201 ylce
656 2117 882 2201 gesaestnige.

799 2289 921 2302 *-

808 2408 917 2474 CLV.

702 2625 704 2632 ,
747 2554 891 2635 OFFA‚
913 2555 990 2621 789.

395 2705 434 2789 ›1‹
451 2706 497 2770 ΙΝ
513 2704 650 2770 nomine
664 2705 793 2770 domini
809 2706 920 2769 nostri
935 2703 1040 2768 Ibesu
1054 2702 1204 2768 Christi!
1243 2705 1393 2770 Omnem

339 2804 521 2885 bominem,
545 2806 604 2888 qui
625 2805 814 2870 secundum
833 2805 934 2869 deum
957 2805 1056 2881 uiuit,
1079 2811 1115 2867 et
1136 2808 1346 2869 remunerari
1368 2826 1393 2871 a

338 2906 403 2970 deo
416 2913 534 2989 sperat
548 2914 584 2971 et
596 2913 708 2989 optat,
724 2912 862 2989 oportet
883 2912 923 2969 ut
945 2905 1012 2987 piis
1033 2904 1191 2986 precibus
1209 2924 1392 2970 assensum

338 3004 493 3070 hilariter
517 3027 562 3071 ex
586 3006 700 3071 animo
724 3007 910 3089 praebeat3
934 3005 1098 3087 quoniam
1122 3013 1264 3083 certum,
1289 3013 1393 3072 tanto

338 3105 473 3170 facilius
502 3125 544 3170 ea
571 3127 661 3190 quae
691 3108 837 3191 quisque
865 3125 887 3171 a
913 3105 978 3169 deo
1001 3105 1198 3188 poposcerit
1224 3109 1393 3190 consequi

337 3225 452 3289 posse,
460 3214 592 3288 quanto
606 3215 640 3271 et
649 3207 722 3289 ipse
733 3206 896 3271 libentius
907 3205 1101 3269 bominibus
1112 3212 1205 3270 recte
1213 3207 1394 3290 postulata

338 3307 556 3370 concesserit.
608 3306 780 3384 Quocirca
801 3327 867 3389 ego
883 3305 973 3384 Offa,
996 3325 1059 3368 rex
1078 3305 1300 3384 Merciorum,
1324 3309 1389 3372 tibi

339 3407 528 3470 uenerabili
543 3406 790 3471 Uuaermundo
815 3406 976 3485 antistiti,
1001 3412 1040 3469 ut
1063 3405 1246 3488 diligenter
1266 3416 1391 3490 postu-

339 3506 432 3585 lasti,
447 3506 599 3589 aliquam
612 3507 818 3589 particulam
831 3514 943 3571 terrae
957 3507 1041 3570 iuris
1056 3507 1135 3584 mei,
1149 3506 1184 3569 id
1206 3514 1271 3586 est,
1287 3509 1392 3590 quasi

339 3607 441 3671 unius
455 3614 490 3672 et
506 3607 608 3672 semis
621 3608 744 3690 iugeri,
760 3593 796 3671 in
809 3607 949 3672 ciuitate
966 3605 1079 3684 Hrofi,
1097 3607 1141 3670 ad
1164 3616 1391 3690 augmentum

338 3707 538 3772 monasterii
564 3708 627 3786 tui,
654 3707 875 3772 aeternaliter
902 3706 1145 3790 possidendam
1173 3709 1325 3773 concedo
1347 3729 1392 3774 ac

340 3807 505 3886 describo,
529 3827 607 3872 cum
634 3809 791 3873 omnibus
815 3808 947 3872 scilicet
968 3808 1012 3871 ad
1034 3827 1109 3870 eam
1135 3808 1391 3890 pertinentibus

338 3910 451 3971 rebus.
487 3907 587 3973 Haec
602 3917 717 3974 autem
731 3909 860 3974 terrula
885 3909 930 3972 ab
946 3907 1135 3990 aquilonali
1149 3915 1185 3972 et
1196 3910 1239 3973 ab
1255 3910 1390 3974 oriente

339 4007 489 4072 ciuitatis
514 4009 615 4086 iacet,
634 4016 669 4074 et
693 4009 859 4092 pertingit
882 4027 992 4091 usque
1015 4009 1060 4072 ad
1083 4010 1391 4091 septentrionalem

337 4125 473 4170 murum
488 4108 666 4191 praefatae
688 4109 851 4186 ciuitatis,
872 4109 965 4172 intra
988 4116 1099 4174 terras
1124 4110 1285 4174 uidelicet
1299 4130 1389 4192 quas

340 4213 443 4270 antea
457 4209 499 4272 ab
513 4209 644 4274 oriente
666 4217 701 4274 et
725 4210 902 4275 occidente
924 4209 1118 4293 possedisti,
1139 4218 1174 4276 et
1196 4210 1273 4275 ideo
1300 4211 1387 4275 baec
