3134 5030
329 440 396 508 308
581 455 754 505 cunnrsn
776 454 1118 504 suonosnrroruosu.

340 618 380 699 »14
397 613 474 698 Ego
490 614 677 679 Uuilredns
688 615 951 680 Dommoccnsis
964 616 1146 698 episcopus
1161 615 1278 679 annui.
1335 616 1377 696 »14

335 716 413 797 Ego
429 714 621 778 Herserdus
638 715 903 797 Unigorniensis
916 717 1098 798 episcopus
1113 721 1251 797 gratum
1264 714 1383 778 habui.

341 817 381 898 »14
399 814 476 897 Ego
497 813 704 879 Goduuinus
719 813 893 878 Roffensis
911 815 1093 897 episcopus
1107 815 1190 878 farri.
1247 816 1287 896 »14
1306 814 1386 894 Ego

338 913 469 978 Hedda
490 915 598 978 abhas
624 914 667 978 de
701 912 979 979 Medeshamsted
1015 914 1197 978 ratificaui.
1253 914 1292 994 »14
1307 913 1388 994 Ego

339 1013 526 1078 Amhertus
539 1015 646 1078 abbas
660 1013 802 1096 Ripadii
814 1012 967 1092 interfui.
1009 1016 1048 1096 »14
1065 1013 1142 1096 Ego
1154 1011 1387 1098 Kyneuuinns

338 1115 446 1177 abhas
475 1113 519 1176 de
549 1113 732 1196 Burdeney
752 1113 860 1178 astiti.
916 1115 956 1195 »14
983 1112 1060 1194 Ego
1098 1114 1290 1196 Ecgbertus
1323 1132 1389 1176 rex

342 1212 455 1278 Uuest
465 1211 639 1277 Saxoniae
654 1213 820 1277 concessi.
876 1214 916 1295 »14
933 1213 1011 1295 Ego
1021 1212 1279 1295 Athelunlphus
1294 1212 1388 1276 filius

341 1312 433 1395 regis
454 1312 567 1376 Uuest
580 1313 755 1376 Saxoniae
780 1331 983 1376 consensum
998 1311 1087 1376 dedi.
1144 1315 1183 1395 »14
1198 1312 1275 1394 Ego
1297 1312 1387 1376 Uul-

340 1412 469 1475 hardus
485 1412 557 1475 dux
570 1411 663 1477 affui.
720 1411 1136 1494 ›14Egohthclmusdux
1155 1412 1283 1476 audiui.
1341 1414 1384 1494 »14

343 1511 420 1593 Ego
431 1509 707 1576 Herenbrichtus
720 1510 792 1574 dux
804 1513 994 1593 acceptaui.
1030 1513 1070 1593 »14
1081 1511 1158 1594 Ego
1172 1511 1389 1576 Suuithunus

342 1613 522 1694 presbyter
535 1611 627 1693 regis
649 1611 812 1692 Ecgbcrti
828 1630 992 1694 praesens
1017 1610 1078 1674 fui.
1135 1612 1174 1692 »14
1189 1611 1266 1694 Ego
1282 1612 1390 1689 Bosa,

342 1711 456 1775 scriba
469 1712 561 1791 regis
575 1709 769 1786 Uuithlafii,
787 1729 893 1775 manu
913 1730 991 1776 mea
1010 1710 1275 1794 chirographum
1296 1711 1392 1775 istud

342 1809 473 1891 scripsi.
546 1812 585 1892 »14
613 1809 689 1891 Ego
726 1809 937 1873 Unithlafius
972 1810 1102 1875 domiui
1137 1812 1248 1874 nostri
1284 1811 1394 1874 Ihesu

346 1907 607 1989 christigratia
629 1929 692 1972 rex
712 1909 933 1987 Merciorum,
949 1910 993 1974 ad
1015 1918 1156 1976 sanctae
1171 1911 1292 1975 matris
1312 1930 1391 1974 aec·

345 2007 470 2072 clasiae
491 2007 667 2086 honorem,
689 2016 724 2073 et
743 2009 852 2082 diuini
874 2009 988 2074 cultus
1010 2010 1269 2087 exaltationem,
1297 2030 1391 2074 anno

343 2108 592 2172 incarnationis
613 2108 764 2171 eiusdem
781 2110 891 2173 nostri
905 2109 1089 2173 saluatoris
1105 2110 1392 2191 octingentesimo

345 2207 518 2272 tricesimo
537 2207 653 2284 tertio,
673 2208 710 2270 in
731 2207 821 2272 festo
835 2207 955 2272 Sancti
969 2207 1158 2290 Augustini
1171 2209 1392 2286 consessoriS,

345 2307 508 2384 doctoris,
523 2315 558 2372 et
573 2307 721 2389 apostoli
740 2315 880 2372 nostrae
902 2309 1028 2389 gentis,
1043 2309 1128 2372 haec
1148 2327 1261 2390 pauca
1275 2310 1395 2387 offero,

346 2407 515 2489 pluraque
536 2405 687 2484 offeram,
712 2407 797 2488 quin
823 2426 948 2488 corpus
974 2427 1087 2472 meum
1117 2408 1153 2471 iu
1181 2415 1292 2472 morte
1316 2427 1395 2472 mea

347 2513 419 2570 tarn
441 2514 563 2570 sancto
584 2507 792 2570 monasterio
813 2506 1059 2589 promitterem,
1073 2507 1141 2571 nisi
1153 2515 1257 2571 antea
1276 2509 1393 2590 sepul·

347 2613 461 2670 turam
484 2624 596 2670 meam
610 2604 761 2688 Ripadio
782 2606 1008 2670 deuouissem.
1061 2606 1299 2672 Ueruntamen
1322 2609 1394 2691 spi·

347 2705 434 2770 ritus
448 2723 544 2769 meus
559 2706 772 2787 permanebit
783 2706 961 2771 uobiscum
974 2707 1011 2771 in
1027 2714 1215 2772 aeternum.

750 3000 1009 3068 ccxxxlv.

585 3151 855 3218 ECGBERHT
880 3148 944 3214 OF
968 3146 1118 3224 KENT,
1141 3145 1213 3210 833.

404 3300 444 3381 »14
462 3297 668 3365 ararium
680 3300 719 3363 in
733 3305 934 3384 perpetuum
951 3297 1018 3362 diro
1034 3298 1095 3361 nio
1109 3295 1170 3360 ihu
1185 3293 1266 3383 xpo.
1309 3292 1399 3359 Cum

351 3405 477 3464 cuncta
502 3399 628 3466 cotidie
653 3399 799 3482 sugitiue
833 3399 927 3463 uitae
962 3403 1119 3480 tempora
1156 3396 1330 3480 prosperis
1362 3402 1399 3461 et

350 3498 506 3564 aduersis
542 3500 656 3564 causis
694 3499 882 3564 consistere
910 3497 1079 3562 cernimus
1110 3495 1395 3579 .rapidissimoq:

350 3617 454 3662 cursu
479 3617 645 3664 annorum
664 3598 778 3681 spatia
797 3615 1016 3680 regnorumq:
1042 3595 1136 3678 ubiq:
1153 3595 1304 3678 gaudia.
1320 3593 1399 3656 fini-

352 3706 390 3763 ta
416 3717 491 3763 esse
515 3697 802 3763 manifestissimis
828 3695 937 3779 signis
957 3695 1169 3760 declaratum
1192 3693 1259 3760 est'
1301 3692 1399 3772 Qua·

352 3804 493 3880 propter
514 3817 580 3880 ego
602 3797 806 3880 ecgberhtus
827 3815 891 3860 rex
921 3796 1033 3862 cantic
1062 3815 1126 3860 nec
1149 3815 1218 3859 non
1241 3793 1400 3859 etaliarii

352 3897 506 3979 gentium
525 3916 623 3963 ‚cum
636 3916 806 3962 consensu
817 3915 858 3959 ac
868 3896 1009 3960 licentia
1025 3914 1179 3960 meorum
1193 3894 1400 3977 optimatum

353 4015 422 4060 non
450 4019 477 4084 p
505 3999 652 4079 pecunia
675 3996 784 4084 sedp
813 3994 962 4060 remedio
993 3995 1128 4059 animae
1156 4014 1253 4059 meae
1276 3999 1311 4057 et
1335 4012 1400 4074 pro

352 4095 550 4179 expiatione
570 4097 739 4164 scelerum
761 4115 914 4162 meorum
946 4095 1230 4178 ‚aliquantulam
1266 4098 1403 4176 partem

354 4203 465 4259 terrae
493 4195 577 4261 iuris
604 4197 672 4271 mei
695 4196 731 4260 id
766 4204 820 4261 est
841 4202 979 4259 centum
1009 4194 1261 4278 quinquaginta
1282 4193 1407 4273 iugera
