3112 5032
321 392 391 462 ,192
581 407 753 458 cathrin
776 407 1118 456 anonosnxourcnn.

327 566 476 650 regionis
492 563 713 641 Merciorum,
736 565 879 647 perueni
901 565 945 629 ad
965 565 1184 629 Lundoniam
1206 563 1384 629 ciuitatem

329 668 373 731 ad
393 665 614 747 conloquium
628 665 835 729 uenerabilis
860 665 927 729 uiri
952 663 1197 730 Aethelheardi
1212 664 1384 747 archiepi-

329 766 437 849 scopi,
452 774 489 829 et
502 766 639 830 locutus
655 785 732 829 sum
750 786 832 829 cum
858 785 900 830 eo
916 765 999 848 quid
1025 785 1089 848 pro
1113 766 1225 830 salute
1247 767 1384 829 animae

330 886 426 931 meae
435 873 471 930 et
479 866 585 930 totius
597 865 711 947 gentis
722 865 930 930 Marciorum
940 865 1004 929 deo
1016 866 1244 948 omnipotenti
1252 866 1383 929 darem.

330 967 430 1030 Inter
444 965 530 1029 haec
548 966 740 1048 postulauit
762 985 783 1029 a
802 985 857 1029 me
876 964 1083 1029 uenerabilis
1105 965 1384 1047 archiepiscopus

330 1065 563 1131 Aethelheard
585 1073 624 1129 ut
646 1066 763 1129 darem
786 1064 852 1128 sibi
874 1065 1014 1148 aliquod
1037 1065 1314 1147 supplementum
1338 1064 1383 1128 ad

331 1167 533 1230 aecclesiam
543 1166 654 1230 sancti
665 1166 849 1229 saluatoris
860 1166 896 1228 in
907 1166 992 1228 urbe
1004 1165 1240 1246 Dorobernia3
1264 1165 1385 1228 dicens

331 1286 409 1330 cum
418 1267 575 1331 omnihus
583 1266 755 1349 episcopis
766 1273 905 1330 nostrae
915 1265 1067 1348 regionis
1077 1285 1152 1330 esse
1162 1265 1385 1331 inhonestum

331 1387 402 1431 non
416 1365 519 1431 ditari
542 1374 686 1430 matrem
701 1365 944 1430 aecclesiarum
958 1366 1127 1430 afiliabus
1152 1375 1187 1430 et
1208 1365 1289 1429 filiis
1311 1367 1387 1430 suis

330 1468 469 1549 regibus
485 1486 572 1549 quos
587 1465 682 1532 fonte
696 1467 913 1549 baptismatis
927 1467 1155 1548 regenerauit.
1208 1466 1284 1548 Ego
1298 1486 1386 1530 uero

332 1568 491 1631 consensi
509 1567 668 1650 petitioni
689 1567 783 1630 illius
806 1574 842 1631 et
864 1568 1015 1631 omnium
1038 1568 1276 1649 episcoporum
1302 1584 1386 1630 nos-

332 1674 476 1744 trorum,
496 1675 531 1730 et
555 1667 634 1732 dedi
658 1668 709 1731 illi
731 1685 789 1732 xc.
810 1668 993 1732 tributaria
1014 1674 1138 1745 terrae,
1161 1667 1324 1748 bipertita
1347 1666 1385 1729 in
1457 1741 1469 1752 ν

330 1767 466 1832 duobus
489 1767 573 1831 locis
595 1785 685 1831 .1.x.
711 1767 747 1831 in
771 1769 847 1832 loco
870 1769 930 1851 qui
951 1767 1078 1832 dicitur
1099 1788 1145 1843 on
1166 1766 1385 1848 Lingahoese

321 1875 368 1930 et
377 1865 592 1948 Geddingas,
606 1869 698 1931 cirea
713 1867 860 1932 rihulum
875 1868 936 1951 qui
950 1868 1076 1931 dicitur
1091 1868 1333 1943 Fiscesburna,
1350 1873 1387 1930 et

333 1981 435 2029 xxx.
451 1967 487 2028 in
501 1966 691 2048 aquilonali
705 1969 780 2049 ripa
794 1967 945 2031 fluminis
960 1967 1090 2044 Tamis,
1105 1968 1164 2030 ubi
1186 1966 1385 2049 appellatur

333 2066 574 2145 Turcanham3
591 2078 631 2130 ut
639 2067 765 2130 habeat
779 2082 840 2130 nx.
851 2067 895 2130 ad
910 2067 1183 2130 emendationem
1195 2067 1386 2130 aecclesiae

332 2167 445 2230 sancti
466 2166 664 2260 saluatoris,
684 2183 781 2229 xxx.
805 2186 888 2230 uero
907 2167 944 2229 in
964 2167 1239 2231 Turcanhamme
1264 2168 1308 2231 ad
1330 2165 1389 2230 in-

332 2267 533 2331 dumentum
548 2264 693 2330 fratrum
707 2267 766 2349 qui
787 2267 944 2331 seruiunt
964 2266 1029 2331 deo
1043 2267 1080 2330 in
1092 2266 1292 2331 illasancta
1305 2287 1387 2332 aec-

332 2366 448 2430 clesia.
525 2365 629 2430 Hanc
655 2366 876 2432 elemosinam
904 2366 1043 2430 humilis
1071 2373 1109 2431 et
1135 2368 1282 2431 deuotus
1318 2387 1388 2450 ego

334 2466 414 2530 offa
428 2485 491 2530 rex
505 2464 699 2548 Anglorum
710 2487 772 2551 pro
781 2467 925 2549 pignore
944 2466 1162 2531 Christianae
1176 2468 1256 2531 fidei
1276 2468 1388 2534 totius

333 2567 447 2648 gentis
465 2573 605 2630 nostrae
626 2565 732 2632 offero
754 2566 818 2631 deo
834 2567 1073 2650 omnipotenti,
1097 2567 1141 2630 ad
1161 2587 1259 2631 suam
1283 2587 1388 2631 sanc-

333 2673 405 2730 tam
427 2667 640 2745 aecclesiam,
666 2671 707 2731 ut
731 2668 798 2730 mei
820 2668 985 2732 memoria
1009 2673 1043 2731 et
1067 2687 1164 2732 meae
1187 2668 1388 2731 carissimae

334 2766 447 2848 gentis
461 2765 509 2829 ibi
523 2767 714 2831 celebretur
738 2775 774 2831 et
799 2767 863 2832 deo
887 2768 1154 2832 commendetur.
1207 2769 1294 2831 Erat
1321 2787 1389 2831 au-

333 2873 403 2930 tem
430 2867 467 2929 in
503 2875 677 2932 conuentu
714 2875 834 2932 nostro
870 2868 1110 2932 celeberrimus
1145 2867 1218 2932 dies
1252 2867 1383 2932 Pente-

334 2973 459 3043 costes,
483 2973 519 3030 et
543 2973 734 3032 conuentus
759 2967 964 3032 famulorum
995 2969 1050 3032 dei
1076 2987 1221 3051 quorum
1245 2969 1389 3033 nomina

319 3127 322 3132 Α
335 3067 464 3149 scripta
477 3073 557 3129 sunt
565 3067 621 3129 hic
635 3115 642 3130 .
660 3065 887 3131 Aethelheard
900 3116 907 3132 .
921 3068 1070 3150 archiep.
1084 3067 1272 3132 Ceoluuulf
1276 3069 1384 3150 episc.

335 3165 512 3260 ¹Unuuona
548 3166 653 3248 episc.
688 3166 871 3232 Hathored
908 3169 1013 3250 episc.
1048 3166 1238 3232 Ceolmund
1278 3169 1387 3250 episc.

335 3265 531 3329 Ealhheard
575 3268 680 3349 episc.
716 3266 850 3351 Ellhun
890 3268 995 3350 episc.
1055 3266 1251 3350 Cyneherht
1278 3267 1386 3351 episc.

335 3364 524 3430 Deneserth
547 3366 652 3449 episc.
683 3366 884 3431 Uuermund
909 3367 1014 3451 episc.
1036 3367 1250 3432 Uueohthun
1277 3369 1390 3450 episc.

336 3466 466 3530 Omnes
490 3465 550 3531 isti
574 3486 646 3530 una
671 3487 804 3549 mecum
821 3468 1058 3532 clamauerunt
1085 3468 1129 3531 ad
1150 3468 1328 3534 dominum
1348 3469 1389 3532 in

334 3566 390 3630 die
403 3573 525 3631 sancto
547 3565 584 3627 in
604 3566 770 3631 aecclesia
791 3567 904 3631 saneti
928 3567 1049 3632 Pauli:
1085 3567 1235 3650 Spiritus
1256 3568 1389 3633 domini

334 3667 394 3749 qui
408 3665 509 3731 hodie
531 3666 679 3749 repleuit
699 3669 815 3732 orbem
839 3672 1009 3731 terrarum
1033 3674 1067 3731 et
1090 3667 1208 3732 omnia
1228 3668 1388 3734 continet

334 3766 559 3832 etscientiam
574 3766 679 3830 habet
686 3768 781 3832 uocis
791 3764 851 3846 all,
864 3775 898 3832 et
908 3787 1026 3832 omnes
1041 3769 1154 3832 sancti
1164 3767 1220 3831 dei
1234 3769 1388 3851 apostoli

335 3867 395 3949 qui
413 3868 456 3930 ab
477 3867 537 3931 illo
560 3867 683 3949 spiritu
705 3869 827 3950 repleti
849 3873 942 3946 sunt,
964 3868 1093 3932 tribuat
1110 3868 1388 3933 benedictionem

333 3963 578 4049 sempiternam
588 3968 882 4032 consentientibus
897 3976 933 4032 et
943 3968 1203 4032 defendentibus
1217 3968 1307 4032 hanc
1316 3970 1389 4032 lar-

334 4067 491 4147 gitatem,
521 4075 557 4130 et
585 4068 812 4151 condempnet
836 4076 871 4132 et
895 4069 1171 4133 excommunicet
1196 4074 1231 4132 et
1256 4068 1292 4132 in
1318 4068 1388 4134 hoc

334 4166 472 4229 saeculo
487 4172 523 4229 et
536 4167 572 4229 in
587 4167 703 4234 futuro
718 4189 797 4233 eum
811 4170 871 4250 qui
891 4169 1025 4234 auferat
1040 4170 1096 4234 uel
1113 4168 1292 4248 minimam¹
1305 4189 1389 4252 par-
