3168 5028
590 529 897 578 rnrncuucrrou.
1128 519 1242 582 xxxix

286 687 318 752 8.
342 705 418 752 cum
442 689 599 752 omnibus
628 689 702 752 usis
729 690 873 754 adeam
897 689 960 753 rite
983 689 1242 772 pertinentibus,

245 807 323 852 cum
346 790 488 872 campis,
512 789 620 867 silbis,
642 791 762 873 pratis,
787 791 939 874 pascuis
962 791 1074 874 aquis,
1096 791 1245 869 molinis,

243 890 505 972 piscationibus,
519 892 820 975 aucupationibus,
834 891 1087 969 uenationibus,
1102 898 1136 956 et
1150 894 1245 975 quic-

245 992 322 1075 quit
335 993 371 1056 in
386 1011 424 1056 se
440 989 633 1057 ababtibus.
942 992 1110 1071 Ceblurrlf,
1124 993 1200 1059 822.

286 1094 319 1157 9.
342 1113 419 1158 curn
442 1094 586 1182 campis,
605 1094 720 1172 siluiS,
743 1095 862 1176 pratis,
882 1095 1034 1178 p'ascuis,
1052 1097 1245 1160 uenationi-

243 1196 320 1272 bus,
344 1195 644 1277 aucupationibus
668 1196 825 1260 omnibus
852 1197 926 1260 usis
954 1196 999 1261 ad
1025 1216 1102 1262 earn
1123 1198 1188 1260 rite
1210 1206 1246 1262 et

243 1305 334 1361 recte
349 1297 610 1378 pertinentibus.
976 1296 1115 1380 wiglaf,
1128 1295 1203 1362 831.

287 1399 340 1461 10.
364 1417 441 1462 eum
456 1398 547 1462 silua
561 1397 605 1462 ad
621 1417 698 1462 eam
711 1399 949 1481 pertinentem,
963 1408 1000 1465 et
1017 1419 1095 1463 cum
1112 1399 1245 1482 campis

245 1507 281 1564 et
297 1499 422 1582 pratis,
436 1506 472 1562 et
489 1517 566 1563 cnm
585 1501 741 1563 omnibus
764 1502 996 1580 utenssiiibns,
1017 1510 1052 1566 et
1071 1521 1149 1566 cum
1168 1508 1246 1584 put-

245 1602 296 1664 eis
317 1600 411 1677 salis,
429 1611 465 1664 et
486 1600 682 1665 fornacibus
703 1598 864 1684 plumbis,
890 1611 926 1667 et
944 1604 1048 1681 uillis,
1073 1610 1109 1667 et
1130 1603 1246 1667 omnia

245 1702 326 1766 illuc
341 1699 559 1796 pertinentia.
972 1701 1113 1788 wiglas,
1127 1703 1203 1768 836.

214 1809 216 1813 ’
288 1803 341 1866 ll.
363 1821 441 1867 eum
462 1804 571 1887 pratis
591 1810 627 1867 et
649 1805 802 1887 pascuis,
822 1823 899 1868 curn
922 1806 1054 1889 campis
1077 1812 1113 1869 et
1138 1804 1246 1883 siluis,

245 1925 323 1970 cum
338 1906 439 1989 aquis
453 1906 661 1970 currentium
676 1913 712 1970 et
725 1906 979 1972 incurrentium.

917 2007 1114 2088 Aebeluuli',
1128 2008 1202 2074 844.

288 2107 341 2172 12.
364 2107 430 2172 and
457 2127 508 2172 wc
533 2107 605 2173 him
632 2109 690 2172 'eis
720 2111 831 2173 sellaii
859 2111 930 2174 mid
959 2110 1052 2176 selda
1079 2114 1146 2177 and
1176 2113 1246 2176 mid

246 2209 349 2274 wuda
363 2209 430 2274 aud
445 2208 514 2273 mid
529 2209 640 2289 senne,
655 2210 721 2275 sub
733 2216 795 2274 tier
809 2212 845 2276 tc
859 2213 1039 2296 gelimpes.

957 2313 1113 2391 Ceblred,
1128 2311 1203 2378 852.

286 2410 340 2474 13.
376 2430 454 2476 cum
482 2413 623 2494 campis,
654 2412 764 2490 siluiS,
797 2414 918 2495 pratis,
947 2413 1098 2495 pascuis,
1130 2413 1244 2496 aquis,

246 2513 497 2591 uenationibus,
526 2523 562 2576 et
590 2533 668 2576 cum
697 2515 854 2578 omnibus
884 2515 1092 2579 utilitatibus
1121 2515 1187 2578 rite
1212 2523 1248 2578 et

247 2623 340 2679 recte
355 2615 398 2679 ad
415 2614 559 2679 eandem
572 2621 696 2678 terram
709 2615 969 2697 pertinentibus.

917 2715 1113 2794 Aebelnulf,
1127 2716 1202 2780 853.

289 2818 342 2881 14.
366 2816 401 2881 id
421 2824 475 2880 est
493 2817 611 2900 pratia,
630 2817 781 2900 pascuis,
796 2817 905 2894 siluis,
919 2817 1125 2896 fluminibus,
1145 2817 1246 2882 fonti-

246 2922 389 3003 busque.
896 2917 1115 2995 Aebelberbt,
1129 2917 1205 2983 862.

289 3021 343 3084 15.
382 3041 459 3086 cum
488 3020 632 3103 campis,
662 3020 772 3097 siluis,
801 3019 921 3102 pratis,
950 3019 1101 3101 pascuis,
1134 3020 1247 3104 aquis,

247 3125 499 3201 uenationibus,
520 3123 662 3208 pascuis
684 3140 873 3205 porcorum,
893 3121 1061 3204 simulque
1081 3123 1248 3201 mariscis,

248 3233 372 3289 etcum
389 3227 546 3290 omnibus
560 3225 770 3289 utilitatibus
785 3225 848 3288 rite
869 3243 911 3289 ac
931 3231 1021 3288 recte
1041 3224 1086 3288 ad
1103 3224 1247 3289 eandem

249 3334 371 3390 terram
385 3325 644 3408 pertinentibus.
892 3323 1114 3400 Aebelberbb
1128 3324 1204 3391 863.

291 3428 344 3491 16.
368 3446 445 3490 cum
459 3427 600 3508 campis,
616 3425 725 3503 siluis,
740 3427 861 3507 pratis,
880 3427 1032 3510 pascuis,
1048 3427 1247 3509 piscationi·

248 3529 325 3606 bus,
338 3530 564 3610 omnibusque
577 3527 622 3593 ad
637 3547 714 3592 eam
727 3528 791 3591 rite
807 3547 848 3592 ac
864 3536 955 3592 recte
971 3528 1232 3610 pertinentibus.

940 3627 1117 3704 Earduulf,
1131 3627 1206 3692 875.
1322 3711 1326 3722 1

289 3729 343 3795 17.
366 3748 443 3794 cnm
458 3731 616 3794 omnibns
634 3730 679 3794 ad
700 3751 738 3795 se
756 3730 820 3794 rite
835 3730 1094 3813 pertinentibus,
1107 3731 1248 3812 campis,

249 3833 401 3918 pascuis,
414 3833 532 3914 pratis,
548 3832 655 3897 siluis.
914 3828 1116 3909 Aeselstan,
1128 3829 1203 3896 989.
1272 3847 1275 3853 ·

294 3934 347 3999 18.
371 3953 449 3998 cum
464 3935 620 3998 omnibus
637 3934 682 3999 ad
697 3955 735 4000 se
753 3936 818 3998 rite
833 3933 1091 4016 pertinentibus,
1106 3933 1248 4017 campiS,

251 4035 402 4121 pascuis,
417 4036 535 4119 pratis,
551 4036 661 4113 siluis,
675 4037 906 4117 siluarumqne
919 4034 1123 4098 nemoribus.

924 4133 1116 4213 Eidmund,
1129 4133 1204 4200 940.
