3188 5032
509 458 681 506 cuanrnu
703 459 1044 507 nncwsnxomonn.
1232 445 1297 510 103

244 614 421 680 commites
453 633 548 678 meos
579 614 774 679 confirmari
796 624 831 679 et
855 617 1003 680 scribere
1025 615 1102 683 feci.
1158 619 1198 699 ›1‹
1219 607 1296 700 Ego

244 714 408 779 Tidbalth
424 715 602 779 commites
617 735 712 779 meos
727 716 928 780 confirmare
943 723 978 780 et
993 715 1141 780 scribere
1155 717 1232 781 feci.

300 817 340 897 ›1‹
361 815 406 878 In
430 816 567 879 nomine
593 815 721 879 domini
743 815 798 879 dei
819 817 953 880 summi.
1005 816 1083 899 Ego
1104 814 1295 881 Alduulsus

243 916 426 999 episcopus
453 914 608 998 inprimis
630 916 767 998 penitus
791 917 949 998 ignoraui
968 916 1062 998 quod
1084 917 1295 981 aDorouer·

240 1016 361 1080 nensis
377 1015 541 1080 ecclesiae
554 1016 704 1097 praesuli
718 1023 754 1080 et
768 1036 850 1099 rege
862 1016 928 1081 hae
941 1015 1081 1080 kartula
1091 1016 1295 1081 confirmata

244 1135 319 1180 esse
333 1115 518 1192 debuisset,
531 1123 655 1197 postea
677 1118 817 1199 agnoui,
834 1123 954 1181 ettam
970 1116 1154 1198 diiigenter
1173 1125 1293 1200 postu·

245 1215 315 1280 laui
338 1216 383 1280 ab
404 1214 661 1299 archiepiscopo
685 1214 874 1280 Nothelmo
891 1225 927 1280 et
944 1236 1026 1299 rege
1039 1214 1293 1295 Aethilberhto3

244 1315 460 1398 praesidente
487 1334 565 1380 meo
597 1315 761 1397 largitore
789 1316 998 1394 Eadberhto,
1026 1323 1066 1380 ut
1093 1316 1161 1399 ipsi
1188 1336 1294 1381 manu

243 1434 308 1479 sua
333 1415 422 1479 hanc
449 1414 671 1480 donationem
702 1418 1001 1482 corroborasseut:
1029 1417 1137 1480 etsie
1163 1416 1201 1481 in
1222 1438 1292 1481 me·

242 1516 452 1598 tropolitano
461 1517 546 1580 urbe
559 1515 710 1600 perfecte
724 1518 994 1600 compleuerant.
1033 1516 1163 1581 Actum
1176 1537 1292 1582 meuse

245 1614 357 1699 April.
374 1616 476 1680 indit.
492 1631 542 1680 vr.
580 1613 687 1680 Anno
703 1619 748 1682 ab
762 1618 894 1682 incarn.
906 1616 1035 1681 Christi
1046 1633 1286 1681 nccxxxv111.-

300 1718 338 1799 ›1‹
360 1715 436 1798 Ego
452 1716 660 1782 Nothelmus
685 1719 800 1800 gratia
818 1718 874 1782 dei
896 1717 1172 1799 archiepiscopus
1194 1717 1293 1781 testis

243 1815 461 1881 consentiens
477 1817 665 1899 subscripsi
679 1816 860 1882 kanonice.
917 1819 957 1899 ᾧ
971 1816 1047 1897 Ego
1059 1815 1294 1882 Aethilbertus

242 1936 307 1980 rex
329 1916 522 1999 praefatam
548 1917 770 1982 donationem
796 1919 896 1999 siguo
916 1923 1057 1982 sanctae
1079 1916 1190 1982 crucis
1212 1937 1293 1980 con·

243 2016 389 2080 firmani.
447 2019 486 2099 ›1‹
507 2016 583 2099 Ego
614 2017 835 2083 Beornheord
864 2017 965 2083 testis
993 2017 1192 2099 subscripsi.
1248 2018 1288 2098 ›1‹

243 2116 389 2198 Signum
404 2135 528 2180 manus
542 2116 679 2182 Tunan.
737 2122 777 2202 ›1‹
796 2117 941 2200 Signum
962 2134 1085 2182 manus
1101 2116 1294 2182 Balthardi.

248 2218 288 2298 *1⁴
307 2216 453 2299 Signum
467 2235 590 2281 manus
605 2217 806 2282 Eanberhti.

654 2513 884 2578 LXXXVI.

398 2660 766 2727 AETHILBERHT
790 2661 854 2726 OF
879 2661 1031 2742 KENT,
1053 2655 1140 2727 740.1

299 2814 339 2894 *1⁴
367 2810 412 2876 ΙΝ
445 2810 582 2875 nomine
604 2811 663 2876 diii
684 2810 720 2877 di
743 2811 927 2877 saluatoris
949 2813 985 2874 ni
1002 2808 1152 2898 ihuupi.
1205 2809 1293 2873 Pro-

243 2911 389 2976 uabilib:
411 2911 589 2975 desideriis
616 2918 653 2976 et
673 2913 871 2995 petitionib:
898 2911 964 2995 piis
988 2930 1167 2976 assensum
1186 2911 1293 2994 semp’

238 3012 407 3094 praebere
431 3011 584 3092 gloriosi
605 3018 744 3076 constat
762 3031 838 3077 esse
862 3019 898 3077 et
920 3013 1016 3076 rectii
1038 3019 1074 3076 et
1094 3018 1169 3075 tum
1192 3030 1293 3074 max-

243 3112 311 3175 imo
337 3130 416 3175 omn
447 3111 567 3176 eadem
597 3111 766 3179 desideria
795 3121 831 3176 et
860 3113 1043 3195 petitiones
1069 3112 1113 3176 ad
1143 3111 1292 3176 dilatan-

241 3211 324 3276 dum
347 3219 383 3276 et
405 3212 599 3294 augendam
620 3212 731 3276 uitam
754 3209 815 3300 xpi
837 3212 1054 3276 sacerdotum
1076 3214 1196 3295 eiusq:
1220 3231 1292 3275 ser-

243 3330 365 3375 uorum
391 3311 581 3395 respiciunt
594 3331 664 3396 qua
683 3313 726 3379 de
747 3334 785 3377 re
809 3332 874 3395 ego
896 3312 1101 3377 aethilberht
1123 3331 1186 3376 rcx
1209 3331 1292 3375 cen·

243 3412 398 3476 tuariom'i
425 3431 488 3496 pro
516 3412 666 3477 remedio
694 3414 829 3477 animae
856 3432 953 3477 meae
978 3419 1157 3494 capturam
1183 3411 1293 3493 pisciii

244 3512 335 3594 quod
369 3519 423 3576 est
451 3512 488 3576 in
517 3512 607 3578 ostio
638 3511 790 3576 fluminis
817 3512 915 3576 cuius
946 3531 1070 3575 nomen
1091 3523 1108 3568 s
1132 3510 1294 3574 liminaea

243 3619 278 3676 et
306 3618 440 3695 partem
469 3613 544 3695 agri
570 3611 607 3676 in
630 3632 700 3695 qua
726 3613 830 3677 situm
854 3629 871 3676 r
893 3611 1046 3676 oratoriii
1076 3608 1127 3673 edi
1153 3609 1294 3673 martini

243 3731 320 3774 cum
354 3711 458 3776 edib:
482 3713 658 3795 piscatorii
689 3719 725 3776 at
755 3720 856 3777 extra
892 3731 968 3776 eam
1002 3717 1161 3793 quartam
1194 3714 1292 3792 parte
1413 3699 1418 3713 '

244 3810 351 3875 aratri
374 3811 467 3876 circa
490 3812 601 3876 eundi
624 3812 739 3877 locum
765 3820 802 3877 et
830 3810 939 3877 alteri
961 3817 1096 3894 partem
1117 3808 1202 3873 iuris
1226 3808 1294 3874 mci

279 3959 362 4012 ¹'l'his
372 3961 471 4012 charter
481 3963 504 4012 is
514 3963 690 4025 undoubtedly
700 3978 745 4026 ge·
791 3965 865 4013 think
881 3963 936 4013 that
952 3965 972 4012 it
988 3965 1010 4012 is
1026 3962 1056 4011 oi
1067 3962 1110 4010 the
1125 3977 1187 4024 year
1198 3965 1256 4024 ⁷4⁰,
1267 3963 1294 4010 in

242 4033 329 4095 nnius,
340 4033 391 4081 and
408 4037 452 4095 yet
467 4033 537 4083 there
554 4034 577 4082 is
594 4038 665 4096 great
680 4033 744 4082 diffi-
792 4035 877 4083 which
895 4049 956 4096 year
974 4031 1115 4082 Cuthberht
1132 4046 1187 4081 was
1206 4047 1293 4082 conse·

242 4103 313 4164 eulty
325 4103 389 4151 with
400 4103 443 4151 the
454 4102 521 4154 date.
558 4103 597 4152 As
609 4105 630 4152 it
648 4103 744 4164 stands,
793 4104 888 4165 crated‚
905 4104 956 4153 and
972 4101 1001 4152 os
1013 4102 1098 4152 which
1114 4102 1157 4153 the
1172 4102 1294 4153 indiction

242 4172 286 4221 the
304 4187 366 4235 year
381 4173 432 4222 and
449 4173 492 4222 the
511 4173 632 4222 indiction
649 4173 683 4222 do
701 4178 745 4221 not
794 4175 817 4224 is
828 4187 887 4224 vul.

244 4257 329 4305 agree.
366 4243 433 4293 leur
450 4244 570 4308 inclined,
580 4245 706 4307 however,
719 4247 746 4291 to
767 4266 771 4299 ‚
