3112 5032
464 405 637 457 ortanae
659 410 1001 460 tuonosnxouroau.
1192 397 1256 465 151

206 566 299 630 omni
313 567 500 630 saecularis
516 565 732 647 reinegotio,
746 561 884 648 praeter
896 569 1024 650 pontis,
1037 569 1170 632 arcisue
1185 589 1257 633 res·

206 667 447 743 taurationem,
459 673 495 730 et
503 671 625 730 contra
634 666 752 729 hostes
763 685 976 732 communem
987 668 1255 752 expeditionem.

205 766 243 830 Si
257 768 334 848 quis
349 773 462 830 autem
479 766 570 830 hane
582 766 802 830 donationem
816 786 928 831 meam
939 788 1016 832 oum
1030 770 1123 832 bona
1130 769 1255 834 uolun-

204 873 277 930 tate
290 868 326 930 in
342 866 500 930 omnibus
515 867 687 930 custodire
703 868 892 944 conauerit,
907 869 995 932 sciat
1009 889 1047 932 se
1064 869 1100 932 in
1123 869 1252 934 coeles-

205 967 296 1029 tibus
319 967 446 1031 habere
460 967 671 1030 consortium
697 985 775 1030 oum
797 965 862 1030 deo
887 975 923 1031 et
948 969 1083 1050 angelis
1106 969 1191 1047 eius,
1218 977 1254 1034 et

203 1068 234 1132 si
247 1067 372 1148 aliquis
387 1073 587 1131 conuertere
609 1067 674 1130 hoc
694 1065 843 1130 uoluerit
867 1074 902 1130 et
924 1067 968 1131 ad
991 1069 1118 1132 malam
1144 1071 1252 1133 serui·

203 1171 312 1230 tutem
324 1167 381 1230 uel
399 1167 612 1248 ergastulum
631 1171 765 1228 mutare
792 1163 951 1245 uol'uerit,
978 1167 1065 1232 sciat
1089 1188 1127 1232 se
1151 1188 1252 1252 sepa-

202 1274 315 1330 ratum
331 1267 538 1331 aconsortio
554 1265 705 1330 omnium
727 1272 925 1330 sanctorum
948 1267 1003 1330 dei
1025 1267 1061 1330 in
1083 1267 1200 1347 coelis,
1215 1276 1252 1332 et

203 1385 280 1428 eum
301 1365 438 1430 diabolo
465 1373 500 1429 et
523 1365 656 1448 angelis
679 1366 753 1429 eius
781 1363 856 1428 sine
885 1365 954 1443 fine
982 1367 1021 1430 in
1047 1374 1251 1450 perpetuum

201 1465 438 1546 dampnatum,
453 1465 520 1528 nisi
533 1469 615 1528 ante
629 1465 683 1528 hic
698 1465 763 1527 deo
785 1471 821 1528 et
837 1465 1032 1532 hominibus
1054 1486 1132 1531 cum
1148 1467 1250 1531 satis*

201 1564 350 1628 faotione
364 1565 609 1629 emendauerit.
655 1564 726 1627 Hic
738 1572 821 1628 sunt
835 1565 983 1642 termini,
994 1571 1060 1630 etc.
1103 1565 1252 1631 Peracta

201 1671 383 1728 astantem
401 1664 487 1728 haec
503 1665 644 1728 donatio
656 1664 692 1726 in
707 1681 824 1727 mense
845 1665 1045 1742 Februario,
1064 1665 1251 1730 indictione

203 1782 271 1828 xrr.
294 1784 385 1828 anno
407 1784 490 1828 uero
510 1766 554 1828 ab
570 1762 808 1828 incarnatione
823 1761 953 1827 Christi
967 1781 1153 1831 noonvrrrr.
1205 1766 1254 1831 Et

200 1865 259 1928 isti
275 1871 381 1928 testes
397 1870 655 1928 consenserunt.

257 1967 296 2046 »14
313 1965 390 2046 Ego
417 1963 496 2028 0ffa
520 1983 583 2027 rex
606 1963 695 2026 hano
718 1981 830 2026 meam
858 1962 1127 2028 munificentiam
1150 1963 1251 2046 signo

200 2065 311 2127 crucis
341 2063 468 2126 munio.
534 2065 573 2144 »14
601 2063 678 2144 Ego
707 2061 887 2146 cynomya
916 2065 1047 2144 regina.
1110 2064 1149 2146 »14
1175 2063 1251 2148 Ego

202 2164 395 2227 lambertus
409 2161 698 2245 archiepiscopus
740 2165 779 2244 »14
795 2162 873 2244 Ego
883 2162 1043 2228 Tilherus
1057 2163 1250 2248 episcopus.

205 2266 244 2345 »14
262 2263 337 2344 Ego
352 2262 511 2326 Brordan
532 2263 616 2326 dux.
673 2264 712 2354 »14
730 2261 806 2342 Ego
821 2262 1038 2326 Eadberhtns
1057 2263 1250 2345 episcopus.

206 2365 245 2444 »14
260 2361 335 2442 Ego
356 2360 558 2425 Ceoluulfus
580 2361 774 2444 episcopus.
831 2365 871 2444 »14
886 2362 962 2443 Ego
988 2360 1144 2425 Eadbald
1166 2363 1251 2426 dux.

204 2464 244 2543 »14
258 2461 334 2542 Ego
350 2461 544 2526 Ealhmund
558 2463 641 2526 dux.

656 2631 777 2644 ’m—

632 2753 818 2819 cxxiv.

476 2883 479 2890 '
569 2901 779 2981 ultano,
801 2901 877 2965 774.
937 2905 941 2911 ·

253 3058 293 3137 »14
309 3053 460 3120 ΒοΜιΝο
489 3058 524 3115 et
551 3052 724 3117 saluatore
751 3058 871 3116 nostro
896 3051 1143 3142 perpetualiter
1168 3073 1247 3136 reg-

199 3155 315 3218 nanti!
369 3152 445 3234 Ego
461 3151 630 3216 Milredus
645 3152 776 3217 Christi
789 3152 961 3216 tribuente
976 3151 1091 3234 gratia
1111 3152 1250 3218 humilis

200 3252 425 3318 Huicciorum
448 3252 641 3333 episcopus,
661 3260 787 3316 terram
807 3252 1007 3316 monasterii
1028 3251 1120 3334 quod
1141 3255 1251 3318 nomi-

198 3360 301 3417 natur
316 3345 552 3428 audiendum
568 3352 660 3433 quod
680 3352 785 3416 situm
800 3358 853 3415 est
874 3352 911 3413 in
934 3351 1138 3415 occidentali
1152 3361 1250 3434 parte

200 3452 298 3518 fluuii
306 3453 365 3535 qni
379 3452 504 3515 dicitur
512 3449 661 3515 Tillnoii.
672 3467 742 3514 xxr
755 3497 763 3514 .
776 3449 963 3526 manentia,
975 3469 1079 3531 qnam
1090 3451 1251 3516 uidelicet
1345 3483 1347 3486 ·

199 3561 325 3616 terram
338 3552 469 3616 Oshere
483 3550 688 3632 subregulus
700 3548 925 3613 Huiooiornm
937 3550 1091 3613 Dunnan
1102 3549 1251 3615 famulae

199 3653 255 3716 dei
281 3660 321 3716 ut
347 3658 439 3715 esset
466 3651 551 3714 iuris
580 3649 803 3715 ecclesiastici
826 3649 980 3726 tradidit,
1013 3650 1250 3714 consentiente

199 3750 407 3816 Aethelredo
436 3751 509 3831 regi
540 3749 768 3814 Marcionum.
816 3748 885 3812 Illa
911 3756 1025 3813 autem
1059 3749 1252 3831 praefatam

200 3860 327 3916 terram
339 3858 420 3934 post
442 3870 479 3914 se
502 3849 641 3931 reliquit
659 3849 901 3933 possidendam
916 3849 1006 3912 filiae
1026 3867 1121 3925 suae,
1136 3848 1251 3912 Hrod-

198 3971 306 4015 uuare
319 3951 450 4014 scilicet
467 3949 674 4027 abbatissae,
696 3969 775 4013 cum
796 3948 1007 4012 conscientia
1020 3955 1125 4030 atque
1146 3949 1251 4013 liceu-

199 4052 251 4116 tia
265 4050 436 4132 Egcuuini
457 4048 727 4116 reuerentissimi
746 4047 919 4133 episcopi;
944 4055 982 4111 at
998 4047 1059 4111 illa
1076 4048 1253 4130 praedicta

199 4148 409 4215 Hroauuara
427 4149 603 4228 abbatissa
618 4150 701 4214 mihi
720 4146 756 4223 in
778 4149 832 4213 ius
843 4148 1005 4230 propriae
1014 4147 1185 4212 libertatis
1198 4155 1252 4213 at·
