3168 5028
320 511 329 573 l
669 526 974 575 munoooerrou.

320 687 471 752 eiusdem
496 686 740 770 aquae....ita
766 693 804 748 ut
832 691 975 748 natante
1004 703 1093 748 naue
1117 685 1153 748 in
1178 683 1316 748 flumine

321 809 399 852 cum
427 789 565 872 plenum
592 787 704 862 suerit,
734 806 837 869 quam
862 786 995 868 longius
1025 786 1067 851 de
1094 787 1176 852 naui
1202 794 1318 870 potest

322 891 449 955 securis
464 891 618 973 paruula,
633 909 737 972 quam
751 887 854 972 Angli
870 896 998 953 uocant
1012 896 1201 972 tepet-ear,
1216 907 1318 972 super

322 1001 445 1058 terram
460 992 578 1073 proici,
594 991 741 1055 ministri
754 993 943 1057 aecclesiae
956 991 1083 1057 Christi
1097 992 1317 1057 rectitudines

323 1095 527 1178 accipiant3.
540 1141 547 1155 .
559 1138 567 1155 .
578 1113 709 1158 .eorum
725 1102 839 1158 autem
855 1103 908 1159 est
920 1096 1081 1160 nauicula
1100 1103 1136 1160 et
1155 1095 1319 1159 transfre-

323 1199 409 1263 tatio
432 1205 550 1279 portus
577 1203 612 1259 et
639 1195 833 1260 theloneum
857 1197 1008 1260 omnium
1031 1197 1183 1274 nauium,
1204 1197 1319 1260 cuius-

323 1317 467 1382 cumque
488 1299 534 1362 sit
554 1305 589 1362 et
606 1298 843 1381 undecumque
857 1300 984 1376 ueniat,
998 1317 1087 1382 quae
1101 1298 1145 1362 ad
1166 1298 1319 1380 praedic-

322 1410 394 1466 tum
408 1405 544 1483 portum
559 1407 594 1464 et
609 1399 652 1465 ad
668 1399 843 1464 Sanduuic
857 1401 1022 1464 uenerint.
1053 1397 1188 1484 Siquid
1205 1408 1319 1464 autem

323 1503 359 1565 in
378 1521 501 1583 magno
518 1501 605 1564 mari
626 1508 726 1567 extra
739 1509 885 1585 portum,
899 1510 1065 1584 quantum
1079 1521 1173 1568 mare
1187 1502 1266 1587 plus
1281 1522 1319 1566 se

323 1603 514 1680 retraxerit,
533 1609 568 1667 et
587 1603 698 1668 adhuc
720 1610 854 1668 statura
879 1603 982 1667 unius
1004 1603 1150 1668 hominis
1172 1604 1320 1668 tenentis

322 1705 451 1786 lignum
463 1703 553 1788 quod
564 1704 668 1786 Angli
682 1703 861 1768 nominant
875 1713 994 1785 spreot
1007 1712 1041 1769 et
1054 1707 1224 1770 tendentis
1239 1714 1319 1771 ante

324 1826 362 1870 se
373 1809 538 1888 quantum
549 1814 675 1888 potest,
689 1804 930 1868 monachorum
944 1814 1007 1870 est.
1030 1806 1203 1891 Quicquid
1215 1808 1319 1872 etiam

325 1927 369 1976 ex
389 1909 454 1972 hac
474 1915 570 1990 parte
587 1907 780 1971 medietatis
796 1908 900 1971 mnus
919 1909 1095 1972 inuentum
1114 1917 1149 1974 et
1169 1910 1320 1974 delatum

326 2010 368 2074 ad
389 2009 565 2074 Sanduuic
585 2008 696 2088 fuerit,
712 2009 787 2074 siue
807 2009 855 2073 sit
873 2011 1125 2091 uestimentum,
1145 2012 1219 2075 siue
1238 2017 1320 2087 rete,

325 2131 430 2189 arma,
447 2111 582 2188 serrum,
603 2130 733 2188 aurum,
755 2117 943 2192 argentum,
956 2112 1122 2177 medietas
1138 2112 1321 2177 monacho-

324 2232 397 2277 rum
410 2213 485 2294 erit,
500 2211 571 2276 alia
586 2231 666 2296 pars
681 2212 868 2278 remanebit
881 2212 1157 2277 iuuenioribusffl.

887 2381 891 2386 ,
1064 2313 1167 2392 Cnut,
1180 2313 1276 2379 1023.

365 2414 397 2478 3.
420 2415 487 2479 and
512 2416 635 2498 begeat
659 2415 727 2479 mid
753 2415 808 2480 his
834 2416 1101 2481 smeh-wrencan
1123 2442 1142 2499 Ἰ
1168 2416 1238 2480 mid
1267 2416 1321 2480 his

324 2516 423 2600 gelde
444 2541 464 2599 Ἰ
485 2517 607 2582 seolire
632 2517 719 2582 ealle
741 2518 919 2601 dymunga
939 2525 986 2582 aet
1006 2517 1192 2595 Staeorran,
1210 2522 1255 2581 ae
1272 2515 1322 2582 aa

324 2638 406 2683 woes
428 2624 503 2683 ’oaes
525 2619 644 2702 kinges
666 2607 889 2699 radesmann,
911 2626 984 2685 ’dant
1005 2620 1075 2684 him
1098 2625 1254 2703 gewearlt
1284 2639 1323 2684 se
1414 2654 1419 2664 ·

323 2719 439 2806 pridda
453 2720 556 2804 pcnig
570 2722 609 2786 of
618 2708 702 2808 peiere
718 2722 810 2786 tolne
825 2741 868 2786 on
883 2723 1069 2801 Sanduuic
1081 2731 1146 2787 etc.

858 2823 1001 2888 Harold-
1011 2824 1169 2903 Hernici,
1183 2824 1279 2890 1038.

369 3022 505 3107 Among
528 3025 584 3090 tbe
609 3035 726 3108 ganta
756 3026 773 3091 1
799 3026 843 3089 do
872 3034 933 3090 not
958 3026 1028 3090 find
1054 3048 1122 3111 any
1148 3027 1322 3094 authentic

327 3126 489 3191 evidence
518 3127 558 3192 oi
580 3127 719 3206 Wreck‚
744 3128 801 3192 the
834 3127 986 3211 Ramsey
1015 3128 1148 3192 chartcr
1173 3129 1275 3211 being
1302 3149 1324 3193 a

326 3228 457 3312 clumsy
477 3229 627 3313 forgery3
649 3233 767 3295 unless
782 3230 839 3294 tlre
854 3229 1059 3313 concluding
1073 3230 1189 3294 clause
1209 3229 1249 3294 oi
1265 3230 1324 3294 the

327 3349 475 3412 passage
496 3331 584 3394 cited
609 3331 695 3394 from
719 3330 811 3395 Cnut
832 3351 897 3395 can
914 3332 957 3395 be
976 3331 1111 3396 twisted
1133 3333 1207 3396 into
1227 3332 1323 3396 such.

329 3430 404 3494 Nor
430 3431 474 3494 do
500 3431 557 3495 the
581 3432 732 3496 charters
757 3431 837 3496 take
865 3453 933 3517 any
955 3434 1068 3498 notice
1096 3432 1136 3497 of
1155 3433 1324 3498 Treasure

326 3541 431 3600 trove.
480 3531 554 3598 The
575 3533 776 3616 perception
799 3533 839 3597 of
857 3534 914 3598 the
939 3534 1032 3598 Wite
1059 3555 1100 3598 or
1124 3533 1325 3612 mulct‚.'for

328 3633 474 3700 offences
503 3635 700 3700 committed
729 3636 847 3700 within
876 3636 933 3701 the
963 3636 1192 3720 jurisdiction,
1219 3637 1250 3700 is
1283 3657 1324 3700 so

365 3938 384 4004 ’ἲ
401 3941 456 3990 The
477 3954 545 4004 copy
568 3942 599 3991 oi
622 3942 711 3992 Cnot’s
736 3947 811 4004 grant
846 3939 1037 4004 contemporary
1060 3941 1168 4002 history.
1213 3941 1267 3990 'l'he
1289 3943 1326 3991 in-

330 4012 414 4060 which
426 4027 466 4060 we
476 4027 587 4076 possess,
600 4015 623 4062 is
635 4014 757 4075 probably
767 4020 811 4062 not
847 4019 933 4062 steuce
946 4013 975 4061 oi
981 4012 1166 4073 Hornmerwurf,
1179 4011 1264 4060 which
1272 4013 1328 4062 still

330 4083 470 4132 authentia
517 4083 572 4132 The
598 4083 665 4133 facts
692 4085 810 4133 however
847 4085 954 4132 subsiste
967 4085 993 4132 iu
1006 4097 1074 4132 some
1092 4096 1202 4143 mauors,
1215 4083 1237 4132 is
1250 4097 1328 4145 pecu·

331 4169 374 4204 are
393 4153 501 4215 certain,
521 4155 598 4216 being
618 4157 752 4206 confirmed
777 4155 809 4217 by
847 4153 923 4216 liarly
935 4155 1097 4216 interesting.
