3172 5030
126 451 132 462 ·
236 462 239 466 .
307 411 350 477 22
563 423 736 476 ausurus
759 415 1102 469 usurosuxourcuu.

369 585 407 665 »14
436 582 572 663 signum
587 598 709 645 manus
725 577 906 662 gudhardi.

368 685 407 764 »14
436 684 572 764 signum
586 699 708 745 manus
722 677 920 743 bernhardi.

368 785 407 864 »14
436 784 572 866 signum
587 799 710 847 manus
725 777 870 844 uelhisci
886 792 910 849 :-

780 1058 914 1124 xvir.

433 1231 454 1273 a
480 1196 679 1292 osnunn
703 1225 767 1290 ou
790 1223 894 1290 rna
919 1223 1163 1303 erccns,
1185 1223 1262 1290 eso.

377 1381 416 1461 »14
445 1378 652 1442 Rucuaurn
683 1376 719 1439 in
751 1385 955 1460 perpetuum
986 1395 1026 1439 ac
1061 1378 1277 1458 gubernante
1312 1373 1374 1438 do·

323 1481 417 1544 mino
444 1484 563 1543 nostro
593 1477 767 1541 saluatore
797 1477 936 1540 saecula
961 1478 1142 1542 uniuersa!
1195 1475 1300 1541 Anno
1321 1495 1375 1538 re·

323 1578 581 1662 capitulationis
604 1577 765 1654 Dionisii,
787 1577 904 1656 idest,
928 1578 972 1641 ab
993 1577 1230 1642 incarnatione
1244 1575 1375 1640 Christi

324 1675 594 1743 sexcentessimo
627 1679 893 1760 octuagessimo,
925 1678 1118 1743 Indictione
1146 1685 1248 1741 sexta
1276 1695 1376 1740 reuo-

325 1780 411 1843 luta.
464 1777 563 1842 Nihil
585 1798 667 1860 ergo
690 1779 882 1856 intulimus,
902 1779 1090 1842 secundum
1112 1777 1320 1861 apostolum,
1339 1777 1376 1839 in

327 1880 419 1943 hunc
447 1880 625 1955 mundum,
658 1898 779 1942 uerum
809 1899 872 1943 nec
906 1878 1040 1942 auferre
1067 1879 1150 1961 quid
1181 1895 1376 1960 possumus

328 1981 409 2059 Qua
436 1986 588 2063 propter,
624 1996 689 2061 ego
720 1978 852 2043 Oshere
880 1999 954 2057 rex,
988 1979 1194 2044 catholicam
1221 1976 1375 2060 regulam

329 2081 496 2144 maiorum
525 2099 678 2143 meorum
702 2079 823 2144 humili
848 2099 918 2161 qua
944 2079 1047 2144 ualeo
1075 2079 1267 2144 imitatione
1296 2077 1378 2142 sub·

329 2189 480 2258 secutuS,
505 2178 682 2263 praeditus
705 2179 809 2242 etiam
833 2180 876 2243 ad
900 2181 1065 2244 maiorem
1085 2179 1380 2244 confirmationem

328 2282 470 2345 licentia
491 2279 781 2363 praestantissimi
804 2282 895 2362 regis
912 2280 1142 2359 Brittanniae,
1159 2280 1290 2344 domini
1312 2279 1379 2342 sci-

329 2382 410 2446 licet
440 2382 518 2458 mei,
546 2380 684 2450 nomine
712 2380 822 2445 indito
853 2378 1045 2458 Aethilred,
1071 2400 1136 2464 pro
1163 2379 1380 2445 absolutione

330 2482 498 2545 scelerum
528 2498 694 2557 meorum,
720 2488 848 2544 terram
877 2497 975 2544 xxx.
998 2481 1212 2546 manentium
1239 2481 1276 2543 in
1303 2479 1381 2542 loco

331 2583 391 2665 qui
418 2582 544 2645 dicitur
559 2579 712 2663 Rippell,
729 2582 1010 2645 confirmantibus
1030 2581 1201 2664 episcopis
1223 2600 1264 2644 ac
1286 2580 1381 2662 prin·

332 2683 465 2765 cipibus
494 2688 529 2746 et
556 2681 750 2758 abbatibus,
782 2681 1044 2758 Frithouualdo,
1074 2682 1243 2746 monacho
1270 2680 1383 2744 Uuiu·

333 2782 412 2847 fridi
436 2782 600 2864 episcopi,
625 2781 770 2861 tradidi;
801 2783 965 2865 quatinus
984 2780 1110 2846 ibidem
1129 2781 1383 2846 ecclesiasticae

333 2883 606 2948 conuersationis
643 2901 810 2960 normam,
846 2881 986 2947 Christo
1023 2881 1174 2960 fauente,
1210 2887 1383 2945 exerceat.

336 2984 383 3048 Et
417 3003 493 3047 eam
527 2982 669 3045 liberam
704 2984 882 3047 conscribo
916 2983 960 3046 ab
989 2983 1147 3047 omnibus
1180 2982 1319 3046 tributis
1348 2989 1384 3045 et

335 3083 576 3166 uectigalibus
601 3102 679 3146 cum
704 3084 861 3148 omnibus
885 3083 1094 3147 utilitatibus
1118 3082 1162 3147 ad
1184 3083 1280 3148 illam
1305 3101 1384 3146 aec·

336 3183 476 3248 clesiam
504 3184 569 3248 rite
597 3184 860 3266 pertinentibus,
892 3183 1071 3261 siluaticis,
1105 3185 1255 3267 pascuis,
1291 3202 1384 3248 cam-

336 3285 403 3367 pis,
438 3283 560 3367 pratiS,
597 3284 829 3348 fluminalibus
864 3285 1124 3368 piscationibus
1155 3292 1190 3349 et
1219 3286 1263 3348 ab
1291 3283 1386 3348 omni

337 3404 440 3468 opere
465 3385 593 3466 regale,
616 3403 638 3448 a
667 3392 770 3467 pastu
798 3386 890 3466 regis
913 3391 948 3450 et
977 3385 1142 3468 principis
1172 3392 1208 3450 et
1230 3385 1385 3449 subdito-

339 3506 414 3549 rum
443 3505 579 3562 eorum3
620 3485 701 3567 quid
733 3485 859 3567 plura?
888 3488 934 3550 ab
965 3486 1059 3549 omni
1088 3487 1124 3548 ui
1153 3485 1386 3550 tribulationis

337 3587 438 3669 parui
467 3593 502 3649 et
531 3585 660 3666 magni,
692 3585 759 3648 nisi
787 3592 936 3669 quatuor
962 3585 1088 3663 causiS,
1120 3586 1388 3669 expeditionem,

337 3706 452 3750 arcem
480 3692 515 3749 et
542 3693 682 3768 pontem
709 3684 833 3764 secere,
864 3693 899 3749 et
921 3687 1096 3768 singulare
1118 3687 1289 3769 praetium
1317 3685 1386 3751 sol-

338 3805 420 3850 uere
445 3786 612 3849 aduersus
648 3786 767 3862 alium,
796 3794 832 3850 et
858 3787 902 3849 ad
929 3806 1077 3871 poenam
1100 3787 1207 3852 nihil:
1236 3788 1280 3852 de
1311 3805 1389 3850 cae-

340 3887 421 3950 teris
459 3886 615 3950 omnibus
652 3885 689 3948 in
723 3906 787 3950 sua
819 3887 978 3952 libertate
1016 3886 1102 3950 haec
1140 3896 1234 3952 terra
1269 3906 1391 3952 secura

340 3995 539 4069 permaneat
565 3987 600 4048 in
623 3988 880 4071 sempiternum,
905 3989 942 4051 in
962 3988 1053 4051 almo
1075 3987 1131 4051 dei
1150 3989 1288 4053 nomine
1311 4007 1389 4069 pre-

340 4087 459 4149 cimus.
512 4087 550 4150 Si
572 4088 650 4170 quis
672 4109 754 4152 uero
776 4096 898 4152 contra
917 4087 1008 4152 hanc
1029 4089 1252 4154 donationem
1272 4088 1391 4152 uenire

340 4187 519 4270 tyrannica
543 4188 801 4271 presumptione
826 4190 1014 4267 conauerit‚
1042 4209 1212 4273 supernae
1232 4188 1390 4270 indigna-
