3188 5032
326 396 370 460 50
586 405 758 455 uniaris
783 405 1123 456 nncmslxoruonn.

370 561 678 648 ›11Archiepisoopi
687 563 899 628 Berctualdi.
913 566 953 645 »14
965 560 1192 645 Agesmundi.
1210 554 1386 642 ›14Uuiht-

331 666 405 731 redi
434 667 538 747 regis.
594 667 634 746 »14
649 663 827 728 Germani.
878 663 1129 748 ›14Unihtgari
1179 659 1384 741 fflGefredi.

337 768 377 848 »14
395 764 581 849 Cynyathi.
633 766 671 845 »14
688 763 872 829 Guthardi.

793 941 914 952 ..-

786 1057 936 1122 xum.

605 1204 923 1285 sururbano,
946 1203 1133 1290 rayca.

403 1357 442 1436 »14
469 1356 514 1420 ΙΝ
541 1354 677 1419 nomine
704 1354 763 1417 diri
791 1354 827 1418 di
864 1355 973 1420 nostri
1007 1355 1068 1420 ihu
1106 1351 1166 1441 xii
1197 1354 1274 1438 Ego
1311 1351 1387 1416 nih·

339 1455 458 1521 tredus
490 1475 553 1520 rex
589 1455 845 1520 cantuariorum
879 1455 1064 1538 prouidens
1097 1454 1180 1518 mihi
1208 1455 1246 1517 in
1272 1453 1389 1516 futuro

340 1556 478 1619 decreui
503 1555 585 1619 dare
613 1554 743 1636 aliquid
768 1555 883 1618 omnia
906 1555 990 1618 mihi
1012 1556 1156 1620 donanti
1185 1562 1221 1619 et
1245 1553 1389 1618 consilio

342 1662 485 1737 accepto
508 1657 638 1719 honum
661 1655 774 1718 uisum
803 1663 857 1719 cst
883 1655 1038 1720 conferre
1064 1655 1245 1719 bassilicae
1267 1655 1389 1716 heatae

341 1756 472 1819 mariae
493 1755 670 1837 genitricis
692 1755 727 1819 di
749 1773 838 1837 quae
860 1755 929 1818 sita
951 1763 1004 1819 est
1026 1756 1063 1819 in
1088 1756 1165 1821 loco
1189 1754 1248 1838 qui
1265 1752 1390 1818 dicitur

342 1856 505 1936 limingae
529 1863 656 1920 terram
673 1872 764 1918 .1111.
787 1862 980 1919 aratrorum
1002 1875 1091 1938 quae
1114 1856 1240 1919 dicitur
1259 1853 1390 1933 Uuieg-

343 1955 472 2019 helmes
485 2003 493 2018 .
505 1962 569 2019 tun
585 1975 681 2021 ‚oum
691 1955 848 2018 omnibus
858 1955 902 2018 ad
915 1956 1059 2021 eandem
1073 1964 1201 2021 terram
1216 1952 1390 2037 pcrtinen-

344 2054 437 2119 tibus
472 2055 572 2118 iuxta
610 2056 808 2119 notissimos
837 2056 1002 2119 terminos
1032 2056 1067 2120 id
1101 2063 1154 2120 est
1181 2056 1329 2134 bereueg
1355 2059 1391 2115 et

344 2153 521 2236 meguines
549 2154 637 2238 paed
670 2162 705 2219 et
728 2155 872 2236 stretleg
899 2201 907 2219 .
934 2175 1038 2237 quam
1067 2156 1287 2219 donationem
1317 2150 1393 2215 mcii

344 2254 425 2318 uolo
440 2253 573 2320 firmam
596 2273 672 2319 esse
685 2254 722 2318 in
737 2261 941 2336 perpetuum
957 2264 995 2321 ut
1009 2275 1072 2320 nec
1090 2276 1155 2338 ego
1171 2274 1232 2319 seu
1251 2251 1392 2318 heredes

345 2355 413 2417 mei
426 2354 555 2436 aliquid
569 2355 722 2417 minuere
733 2361 966 2435 praesumant.
1006 2354 1108 2435 Quod
1122 2356 1152 2418 si
1167 2355 1267 2418 aliter
1282 2361 1393 2433 temp·

345 2461 456 2518 tatum
478 2453 583 2517 fuerit
598 2474 620 2516 a
634 2453 788 2536 qualibet
801 2473 950 2536 persona
963 2457 1027 2520 sub
1040 2454 1270 2520 anathematis
1287 2454 1395 2515 inter-

346 2554 495 2617 dictione
510 2554 598 2617 sciat
613 2572 650 2618 se
664 2555 897 2635 praeuarioari
915 2555 960 2619 ad
982 2556 1080 2619 cuius
1101 2553 1394 2618 confirmationem

346 2673 409 2736 pro
438 2654 637 2734 ignorantia
665 2653 859 2717 litterarum
880 2655 921 2735 »14
945 2657 1048 2738 signir
1078 2656 1158 2718 siae
1193 2653 1304 2718 crucis
1332 2671 1395 2715 ex-

346 2752 456 2835 pressi
471 2760 507 2816 et
521 2760 627 2816 testes
652 2752 795 2817 idoneos
816 2760 857 2817 ut
879 2756 1132 2821 subscriberent
1155 2754 1278 2836 rogaui
1290 2752 1326 2816 id
1340 2758 1395 2814 est

347 2852 619 2916 berichtualdum
634 2852 893 2936 archiepiscopii
909 2857 986 2919 uiri
999 2855 1207 2919 uenerabile.

401 2952 441 3031 »14
457 2952 533 3032 Ego
547 2952 804 3016 berichtualdus
819 2953 911 3036 episc
925 2964 1069 3038 rogatus
1084 2954 1243 3020 consensi
1261 2959 1297 3017 et
1311 2953 1395 3015 suh·

350 3051 532 3132 scribsi.›1‹

402 3152 441 3231 »14
458 3150 602 3232 Signum
627 3169 749 3214 manus
778 3151 929 3216 uihtredi
952 3155 1045 3236 regis
1100 3155 1140 3234 »14
1155 3153 1299 3236 Signum
1322 3170 1396 3215 ma·

348 3270 413 3313 nus
428 3250 648 3333 aedilbergae
662 3252 813 3332 reginae.

403 3351 442 3430 »14
457 3350 602 3432 Signum
616 3369 739 3414 manus
753 3351 888 3417 enfridi.
937 3355 977 3434 »14
993 3353 1136 3435 Signum
1151 3372 1274 3417 manus
1289 3352 1395 3416 aedil·

347 3449 439 3514 fridi.
496 3452 534 3531 »14
549 3450 695 3532 Signum
710 3469 834 3514 manus
851 3453 991 3535 hagana
1199 3519 1203 3528 ,
1446 3461 1447 3464 ’

361 3597 363 3601 -
402 3551 442 3630 »14
456 3549 602 3632 Signum
624 3567 747 3614 manus
770 3552 880 3618 botta.
937 3555 976 3634 »14
992 3552 1136 3634 Signum
1152 3571 1273 3616 manus
1295 3553 1395 3616 bern·

348 3649 478 3714 haerdi.
534 3652 575 3732 »14
589 3649 734 3731 Signum
748 3669 871 3715 manus
888 3652 1039 3717 theabul.

404 3751 442 3830 »14
457 3748 602 3830 Signum
613 3769 736 3812 manus
749 3750 850 3816 frodi.
903 3755 942 3834 »14
957 3753 1102 3836 Signum
1115 3771 1239 3816 manus
1254 3750 1394 3840 aehcha.

351 3849 392 3929 »14
407 3849 552 3930 Signum
566 3865 690 3914 manus
703 3851 847 3915 aessica.
1356 3899 1359 3902 -

403 3950 441 4029 »14
459 3948 603 4031 Signum
630 3970 754 4014 manus
780 3951 880 4015 adda.
935 3953 973 4032 »14
989 3951 1135 4034 Signum
1160 3970 1284 4016 manus
1307 3950 1397 4034 egis·

349 4046 505 4112 herichti.

399 4154 514 4211 actum
528 4149 565 4211 in
579 4168 695 4214 mense
709 4150 793 4214 iulio
808 4149 995 4215 indictione
1012 4197 1019 4214 .
1035 4170 1125 4214 xma
