3188 5032
339 417 404 481 126
593 430 765 481 curares
788 427 1132 510 aucnosaxonroan.

820 651 920 718 clv.

655 801 978 880 CYNEUUULF,
1000 801 1077 867 759.

454 945 615 1031 [Recitioq
629 946 693 1010 aad
705 945 884 1040 confirmiaq
898 967 921 1024 α,
933 945 1053 1008 cbartcr
1067 943 1289 1031 ffCoioraed]

399 1090 439 1171 ᾖ
454 1086 500 1151 ΙΝ
510 1087 648 1152 nomine
659 1086 790 1152 domini
805 1085 916 1150 nostri
930 1084 1037 1150 Ihesu
1054 1085 1184 1152 Christi
1195 1085 1396 1152 saluatoris!

343 1187 398 1251 Ea
411 1207 500 1270 quac
515 1187 704 1252 secundum
718 1185 985 1250 ecclesiasticam
1005 1187 1222 1269 disciplinam
1245 1206 1286 1251 ac
1300 1187 1394 1252 sino-

341 1288 434 1352 dalis
443 1288 581 1352 decreta
592 1287 776 1352 salubriter
783 1285 1003 1363 definiuntur,
1010 1286 1168 1368 quamuis
1180 1288 1274 1352 solus
1284 1307 1396 1352 sermo

342 1387 524 1466 sufficeret,
547 1395 664 1452 tamen
688 1406 752 1470 pro
772 1386 936 1451 euitanda
956 1385 1074 1450 fultura
1098 1387 1262 1471 temporis
1286 1388 1395 1452 ambi·

341 1488 476 1571 gnitate
490 1487 695 1552 fidelissimis
715 1486 894 1569 scripturis
915 1493 951 1550 ct
964 1485 1179 1551 documentis
1202 1495 1285 1552 sunt
1299 1506 1393 1552 com-

341 1588 548 1653 mendanda.
600 1586 823 1670 Quapropter
845 1606 910 1669 ego
934 1585 1137 1665 Coinredus,
1159 1607 1224 1670 pro
1245 1588 1395 1652 remedio

341 1689 477 1752 animae
501 1707 598 1754 meae
618 1694 652 1752 et
672 1687 892 1772 relaxacione
911 1686 1125 1769 piaculorum
1144 1707 1309 1766 meorum,
1332 1689 1395 1752 ali-

343 1807 449 1871 quam
471 1795 584 1852 terrac
606 1787 813 1870 particulam
836 1786 965 1850 donare
980 1786 1190 1852 decreuerim
1209 1788 1397 1852 uenerabili

342 1888 419 1952 uiro
428 1889 584 1952 Bectune
600 1887 729 1967 abbati,
742 1887 777 1952 id
793 1893 847 1952 est
859 1903 957 1950 xxx.
972 1895 1163 1966 manentes,
1177 1887 1220 1952 de
1235 1888 1396 1971 aquilone

343 1989 440 2053 riuus
448 1989 585 2054 nomine
596 1987 793 2065 Funtamel,
808 2007 852 2051 ex
863 1987 1005 2051 meridie
1018 1987 1124 2052 babet
1135 1996 1263 2053 terram
1272 1990 1396 2054 boam

341 2089 527 2154 memoriae
544 2088 707 2154 Leotheri
717 2087 890 2170 episcopi:
910 2105 991 2156 nam
1005 2088 1200 2168 carumdem
1216 2089 1394 2172 supradic-

340 2195 458 2254 tarum
477 2189 625 2272 cespites
647 2208 712 2273 pro
731 2187 890 2271 ampliori
913 2187 1077 2253 firmitate
1099 2189 1317 2272 euangelium
1337 2209 1396 2254 su·

342 2290 517 2374 porposui,
542 2290 594 2355 ita
615 2296 656 2353 ut
671 2290 717 2354 ab
740 2287 805 2352 hac
832 2288 888 2352 die
913 2288 1066 2367 tenendi,
1095 2289 1254 2368 habendi,
1281 2291 1394 2374 possi·

341 2390 457 2468 dendi,
468 2390 505 2453 in
520 2390 678 2454 omnibus
690 2388 834 2453 liberam
846 2396 881 2453 et
891 2386 1025 2452 firmam
1036 2388 1163 2454 babeat
1172 2397 1393 2472 potestatem.

341 2490 381 2555 Si
396 2490 473 2574 quis
488 2510 571 2555 uero
596 2489 835 2573 episcoporum
850 2507 912 2552 seu
925 2509 1046 2571 regum
1067 2498 1189 2555 contra
1207 2490 1297 2554 hanc
1311 2491 1395 2554 deii-

340 2591 483 2656 nitionis
507 2590 677 2655 cartulam
692 2589 833 2673 propria
846 2589 1053 2667 temeritate,
1067 2589 1125 2653 uel
1146 2590 1262 2674 potius
1286 2593 1394 2655 sacri·

343 2691 424 2774 lega
446 2691 693 2755 debaccatione
720 2689 839 2753 uenire
865 2689 1101 2772 temptauerit,
1125 2690 1281 2774 inprimis
1306 2691 1395 2755 iram

291 2791 295 2798 '
340 2790 397 2855 dei
411 2791 578 2868 incurrat,
592 2809 614 2854 a
624 2788 799 2854 liminibus
813 2797 955 2854 sanctae
968 2789 1135 2855 ecclesiae
1149 2798 1185 2857 et
1198 2799 1393 2874 separatus,

342 2897 378 2955 et
392 2891 458 2954 hoo
472 2889 564 2974 quod
586 2889 724 2974 repetit,
739 2889 915 2954 uindicare
929 2909 1000 2954 non
1014 2888 1143 2956 ualeat.
1195 2891 1272 2974 Ego
1287 2890 1394 2956 Coin·
1424 2915 1428 2920 ·

340 2991 456 3068 redus,
471 2990 531 3073 qui
553 2990 643 3055 hanc
663 2990 833 3055 cartulam
852 2989 1048 3055 donationis
1067 3009 1164 3055 meae
1189 3011 1252 3074 per
1277 2992 1394 3057 omnia

340 3091 378 3154 in
399 3110 505 3154 manu
525 3092 667 3175 propria
685 3090 835 3173 signaui,
856 3090 956 3154 etad
979 3091 1211 3155 roborandum
1234 3091 1392 3156 fidelibus

341 3191 489 3256 testibus
497 3190 624 3256 tradidi
636 3192 694 3273 ᾧ.
710 3215 713 3220 ·
726 3190 803 3273 Ego
819 3189 1036 3269 Leotherius,
1044 3193 1203 3273 quamuis
1216 3191 1393 3276 indignus,

339 3292 523 3374 episcopus
559 3291 650 3355 hanc
684 3291 853 3355 cartulam
888 3291 1084 3356 donationis
1122 3283 1309 3375 subscripsi
1334 3297 1390 3374 tl«.

341 3391 419 3476 Ego
431 3390 639 3457 cunibertus
654 3392 761 3456 abbas
784 3392 1035 3474 subscripsiffl.
1086 3392 1165 3475 Ego
1181 3392 1309 3457 Hadde
1330 3395 1391 3457 ab·

339 3493 403 3556 bas
429 3491 617 3575 subscripsi
645 3495 704 3574 ᾧ.
772 3491 849 3575 Ego
878 3491 1102 3556 Uuimbertus
1123 3494 1304 3576 presbyter
1332 3494 1391 3577 qui

340 3593 431 3657 hanc
450 3592 622 3658 cartulam
643 3599 790 3674 rogante
815 3610 922 3675 supra
945 3592 1049 3658 effato
1071 3594 1204 3658 abbate.
1219 3593 1342 3679 scripsi
1358 3602 1394 3660 et

342 3691 532 3777 subscripsi
547 3699 583 3758 et
598 3691 744 3757 caeteri.
760 3691 816 3772 ᾖ.

397 3795 436 3876 ›1‹
466 3793 547 3858 Hoc
576 3793 713 3875 signum
743 3811 809 3874 ego
842 3788 1080 3875 Gynihcardus
1105 3791 1270 3876 indignus
1302 3793 1393 3876 epis-

341 3913 449 3976 copus
472 3893 630 3976 Impressi
645 3891 689 3956 ad
704 3891 974 3956 confirmandam
992 3893 1289 3976 roborandamque
1304 3894 1393 3959 hanc

341 3995 522 4072 cartulam,
553 4011 658 4076 quam
685 3991 879 4056 huiusmodi
908 3994 1140 4077 conscriptam
1166 4013 1243 4058 esse
1269 3994 1392 4060 fateor.

341 4093 526 4159 Successor
548 4093 684 4157 abbatis
706 4090 960 4176 praenominati
976 4093 1125 4169 Bectuni
1146 4093 1308 4159 Catuuali
1330 4115 1393 4160 no-

340 4193 432 4258 mine
453 4195 548 4260 dedit
571 4201 699 4260 terram
724 4212 831 4277 supra
855 4193 1072 4277 designatum
1093 4243 1101 4259 .
1122 4211 1207 4261 xxx
1225 4242 1233 4259 .
1249 4213 1392 4260 manen-
