3188 5032
312 407 356 470 44
569 423 742 471 cuanrnu
764 421 1105 470 ancuosnxorucnn.

313 587 386 664 pat,
409 578 487 644 ideo
510 581 713 664 singillatim
734 579 798 644 has
821 587 931 644 terras
952 580 990 642 in
1013 578 1078 642 hac
1102 579 1261 645 chartula
1282 601 1367 645 enu-

312 681 495 745 merandas
525 688 561 745 et
590 681 818 746 nominandas
854 680 1021 763 optimum
1057 680 1154 745 duxi.
1208 681 1365 760 Quarum

313 783 426 864 prima
447 780 512 844 suit
535 801 623 865 quae
646 782 729 845 mihi
744 801 766 845 a
788 780 962 845 Suidsrido
977 801 1057 863 rege
1080 781 1163 846 data
1178 781 1289 847 suerat
1304 801 1365 847 xu.

314 889 540 960 cassatamm,
563 890 598 947 et
620 882 816 966 appellatur
832 883 1042 964 Berecingas
1057 888 1093 946 et
1108 882 1365 948 Beddanhaam.

315 982 474 1047 Secunda
495 1003 583 1066 quae
606 985 650 1047 ab
666 983 850 1048 Oedilredo
873 983 1001 1047 tradita
1026 982 1139 1047 fuerat
1163 999 1277 1047 uxxv.
1294 1004 1366 1048 ma-

314 1085 481 1161 nentium,
523 1092 559 1148 et
603 1085 797 1168 appellatur
833 1083 1098 1166 Ricingahaam,
1136 1083 1366 1167 Bydinhaam,

315 1184 594 1263 Daeccanhaam‚
618 1183 956 1267 Angenlabeshaam,
982 1205 1060 1249 cum
1083 1204 1206 1268 campo
1230 1186 1289 1268 qui
1314 1186 1366 1250 di-

316 1286 406 1349 citur
429 1284 667 1349 Uuidmundes
690 1284 762 1348 felt.
815 1284 925 1348 Terra
947 1286 1050 1349 tertia
1072 1305 1162 1369 quae
1185 1287 1229 1349 ab
1247 1286 1366 1351 eodem

318 1385 501 1451 Oedilredo
522 1386 606 1450 data
618 1385 731 1449 fuerat
754 1402 792 1449 x.
816 1387 1029 1450 manentium
1043 1386 1238 1469 appellatur
1255 1386 1365 1452 Celta.

320 1486 456 1567 Quarta
478 1505 567 1569 quae
587 1487 630 1550 ab
652 1484 838 1550 Aedilredo
858 1506 939 1568 rege
960 1487 1043 1550 data
1060 1486 1173 1551 suerat
1195 1504 1272 1551 nul.
1292 1508 1365 1552 ma-

317 1588 485 1664 nentium,
511 1596 546 1651 et
572 1595 719 1651 uocatur
740 1586 1059 1670 Gislheresuuyrth.
1113 1587 1245 1666 Quinta
1267 1589 1367 1653 iuxta

318 1669 607 1771 Hydabu⁰rn[an],
629 1687 800 1752 donatae
826 1681 1049 1752 Caeduualla¹
1074 1708 1154 1768 rege
1178 1705 1268 1752 Lxx.
1293 1709 1366 1753 ma-

316 1789 473 1852 nentium
507 1788 701 1870 appellatur
736 1788 1055 1871 [Ba]doricesherih.
1124 1789 1234 1853 Sexta
1268 1791 1368 1854 iuxta

319 1888 534 1954 Lundouiam
562 1890 664 1952 unius
692 1891 874 1966 manentiS,
905 1890 988 1954 data
1012 1909 1033 1952 a
1059 1888 1246 1955 Uulfhario
1274 1911 1365 1973 rege.

318 1990 473 2073 Septima
487 2008 593 2073 supra
606 1991 721 2053 uicum
739 1990 976 2073 Lun[do]niae
991 1991 1074 2054 data
1089 2008 1111 2053 a
1126 1990 1369 2075 Quoenguyda

317 2110 427 2155 uxore
452 2138 589 2156 ......
614 2091 684 2154 aldi
707 2107 745 2154 x.
762 2093 987 2156 manentium.
1040 2090 1177 2155 Octaua
1194 2111 1283 2174 quae
1306 2113 1367 2176 ap-

317 2191 467 2277 pellatur
483 2191 718 2274 Suanescamp
740 2201 775 2257 et
790 2192 960 2276 Earhyth,
976 2193 1105 2256 donata
1121 2193 1165 2256 ab
1181 2190 1368 2258 Aedilredo

318 2312 412 2375 rege,
443 2309 504 2357 xu.
532 2300 757 2357 cassatorum.
809 2292 847 2357 Si
873 2295 950 2376 quis
978 2300 1093 2356 autem
1119 2295 1368 2377 episcoporum,

319 2393 501 2457 cuiuslibet
530 2393 710 2475 diguitatis
733 2393 848 2471 suerit,
877 2395 934 2458 uel
958 2395 1110 2458 omnium
1140 2395 1368 2459 saecularium

319 2502 543 2578 potestatum,
558 2501 680 2558 contra
694 2494 784 2558 hanc
798 2494 1002 2571 chartulam,
1024 2495 1188 2560 canonice
1208 2515 1248 2559 ac
1267 2516 1370 2579 regu-

318 2595 439 2659 lariter
463 2614 484 2658 a
509 2614 563 2658 me
586 2594 823 2672 constitutam,
853 2595 1061 2660 contendere
1088 2599 1370 2680 praesumpserit,

319 2695 376 2759 uel
399 2696 534 2780 aliquid·
557 2695 682 2759 exinde
713 2696 926 2773 subtrahere,
953 2697 1000 2761 sit
1028 2704 1209 2778 separatus
1236 2716 1258 2761 a
1288 2717 1371 2763 con-

320 2797 432 2862 sortio,
456 2803 654 2860 sanctorum
682 2797 720 2859 in
749 2795 814 2861 hoc
836 2797 974 2860 saeculo
997 2797 1161 2875 omnium,
1190 2805 1225 2862 et
1252 2799 1289 2862 in
1316 2797 1370 2862 fu-

319 2903 399 2961 turo
413 2897 579 2961 *coelestis
603 2897 701 2978 regni
719 2905 838 2979 portas
859 2897 995 2961 clausas
1015 2905 1136 2962 contra
1156 2918 1193 2961 se
1219 2899 1371 2982 undique

320 2997 477 3061 inueniat
504 3017 525 3060 a
549 3004 670 3062 sancto
693 2997 799 3063 Petro
823 2997 1042 3062 clauicolario
1064 2999 1223 3063 coelestis
1250 3001 1369 3082 regni3

322 3117 345 3161 a
359 3117 436 3181 *quo
459 3098 543 3161 mihi
563 3097 703 3163 licentia
724 3098 825 3161 huius
849 3099 1022 3181 priuilegii
1043 3096 1126 3163 data
1148 3106 1183 3163 et
1205 3101 1372 3183 permissa

321 3196 435 3261 fuerat
457 3217 519 3280 per
540 3217 579 3262 os
602 3199 792 3263 beatissimi
811 3197 1021 3281 AgathouiS,
1044 3201 1255 3283 apostolicae
1282 3202 1372 3266 sedis

321 3299 502 3382 praesulis,
528 3319 607 3362 cum
637 3300 785 3364 Romam
813 3300 883 3364 adii
909 3309 990 3365 ante
1014 3320 1123 3366 annos
1148 3318 1254 3366 xvur.
1279 3321 1371 3367 anno

321 3402 365 3465 ab
378 3401 615 3464 incarnatione
627 3400 756 3464 domini
771 3418 964 3466 ncuxxvu.
975 3401 1162 3466 indictione
1177 3404 1214 3466 1⁸.
1262 3401 1371 3467 Char-

321 3501 396 3565 tula
422 3508 537 3565 autem
555 3500 640 3564 haec
663 3520 684 3564 a
705 3521 760 3566 me
782 3501 913 3566 dictata
935 3502 1138 3567 confirmata
1155 3503 1192 3566 in
1212 3522 1276 3569 sua
1298 3512 1369 3568 sta-

321 3601 455 3666 bilitate
471 3601 692 3665 nihilominus
707 3610 857 3667 maneat.

373 3698 413 3780 *1⁴
436 3703 513 3785 Ego
548 3701 789 3767 Ercnuualdus
819 3704 1000 3787 episcopus
1029 3702 1176 3769 donator
1205 3726 1268 3789 pro
1292 3727 1372 3773 con-

321 3801 514 3868 firmatione
542 3803 740 3886 subscripsi.
797 3805 836 3885 ›1‹
871 3804 947 3886 Ego
971 3801 1165 3869 Uuilfridus
1191 3808 1371 3892 episcopus

321 3903 481 3967 consensi
507 3910 542 3967 et
570 3904 768 3988 subscripsi.
834 3907 873 3987 ›1‹
905 3905 981 3988 Ego
1011 3903 1158 3971 Haedde
1192 3909 1373 3992 episcopus

322 4004 481 4068 consensi
509 4011 544 4068 et
573 4006 772 4089 subscripsi.
829 4008 868 4088 ›1‹
903 4007 980 4090 Ego
1010 4005 1115 4072 Guda
1141 4009 1311 4092 presbiter
1338 4017 1373 4074 et

322 4101 430 4167 abbas
468 4108 626 4171 consensi
660 4115 696 4172 et
732 4107 930 4190 subscripsi.
984 4102 1024 4182 *1⁴
1061 4109 1138 4194 Ego
1172 4111 1373 4194 Eggbaldus

697 4253 706 4324 ,¹
721 4258 777 4309 MS.
790 4259 823 4308 ab
835 4259 992 4310 Aeduuaila.
