3168 5028
572 511 879 558 turnonucrrou.
1159 500 1221 562 xiii

222 677 329 736 tatem
352 669 511 747 muneris,
533 668 595 732 sed
618 666 835 732 deuotionem
856 666 1067 732 offerentium
1090 688 1223 754 semper

222 770 372 854 inquirit.
418 768 499 848 Qua
513 769 555 832 de
571 787 618 847 re,
632 775 697 832 etc.

663 870 815 952 Sigiraed
830 868 869 933 of
879 868 984 948 Kent,
997 870 1184 936 759-765.

265 973 317 1036 10.
341 972 539 1037 Certissimc
557 972 674 1053 itaque
696 970 827 1053 absque
844 969 1057 1034 dubitatione
1076 979 1224 1050 cunstat,

222 1073 338 1136 omnia
360 1091 448 1154 quae
470 1070 629 1136 uidentur
653 1071 854 1153 temporalia
878 1089 966 1148 esse,
988 1077 1023 1136 et
1045 1091 1134 1154 quae
1154 1092 1223 1136 non

222 1172 382 1239 uidentur
396 1179 537 1237 aeterna
551 1190 639 1236 esse.
681 1170 828 1248 Idcirco,
842 1177 906 1234 etc.

630 1271 784 1337 Uhtraed
797 1272 838 1336 os
846 1273 902 1336 the
917 1272 1091 1352 Hwiccas,
1104 1275 1180 1340 776.

264 1373 318 1436 11.
347 1373 487 1437 Summo
516 1372 654 1456 quidem
683 1373 807 1436 mentis
835 1372 1012 1455 proposito
1039 1376 1224 1459 unicuique

223 1474 436 1557 pensandum
470 1481 524 1538 est
555 1481 592 1538 et
624 1473 854 1557 cogitandum,
881 1473 1046 1556 quatinus
1074 1484 1115 1541 ut
1146 1497 1224 1542 cum
1289 1488 1291 1493 ’

222 1575 325 1640 huius
349 1575 478 1640 saeculi
501 1575 640 1640 caducis
662 1593 703 1639 ac
727 1574 923 1639 labentibus
945 1577 1045 1640 rebus
1062 1596 1223 1642 mansura

224 1675 437 1741 aeternitatis
449 1675 601 1758 praemia
616 1673 796 1758 adipiscat.
840 1674 1068 1758 Quapropter,
1082 1684 1149 1741 etc.

805 1771 884 1837 Offa
899 1771 938 1836 of
949 1771 1090 1852 Mercia,
1104 1777 1179 1841 777.

266 1873 319 1938 12.
346 1872 433 1938 Cum
457 1873 535 1955 quis
558 1871 794 1954 religiosorum
817 1871 966 1936 uirorum
989 1873 1133 1938 fideliter
1159 1877 1225 1940 deo

222 1974 468 2039 famulantibus
482 1993 527 2037 ex
543 1971 786 2056 temporalibus
796 1972 1005 2055 terrenisque
1020 1975 1224 2040 substantiis

224 2076 352 2140 donare
379 2075 576 2150 decreuerit,
602 2072 667 2136 hoc
692 2091 754 2154 pro
782 2079 874 2137 certo
900 2071 1038 2137 Christo
1066 2075 1224 2142 donatori

222 2178 388 2240 bonorum
402 2175 553 2238 omnium
568 2172 730 2236 redonare
744 2179 890 2236 constat.
936 2172 1051 2252 Unde,
1061 2183 1128 2240 etc.

752 2272 922 2356 Ecgberht
935 2275 976 2338 os
987 2274 1092 2354 Kent,
1105 2278 1179 2343 779.

266 2379 319 2444 13.
344 2378 516 2442 Uuiuersa
534 2377 661 2460 quippe
682 2394 771 2457 quae
792 2374 848 2438 bic
868 2376 1119 2458 inpraesentia
1139 2380 1224 2445 uisi-

224 2481 288 2544 bus
303 2480 461 2545 humanis
485 2477 707 2561 corporaliter
732 2477 1014 2559 contemplantur,
1039 2477 1123 2543 nihil
1146 2501 1223 2545 esse

224 2581 291 2644 nisi
305 2599 408 2658 uana,
423 2579 564 2657 caduca,
579 2577 856 2658 transitoriaque,
875 2597 920 2642 ex
939 2597 1112 2644 sacrorum
1125 2583 1225 2646 uolu-

112 2721 114 2726 -
224 2683 353 2747 minum
367 2679 571 2746 testimoniis
587 2677 774 2743 certissime
789 2697 907 2742 uerum
920 2686 1038 2761 patet;
1061 2689 1224 2748 ettamen

224 2802 301 2848 cum
327 2784 416 2860 istis,
434 2782 653 2848 aeternaliter
672 2780 746 2844 sine
765 2779 833 2846 fine
851 2799 1013 2846 mansura
1034 2783 1108 2848 alta
1128 2786 1224 2866 pulo-

224 2904 298 2948 rum
322 2903 436 2966 regna,
464 2892 499 2947 et
525 2883 649 2964 iugiter
674 2881 826 2946 florentis
854 2882 1006 2964 paradisi
1034 2888 1227 2952 amoenitas

224 2986 368 3051 mercari
383 3006 405 3050 a
418 2984 578 3050 fidelibus
589 2987 729 3066 queunt.
775 2982 1003 3068 Quapropter,
1017 2993 1082 3050 ete.

232 3073 236 3080 ’
808 3083 886 3150 offa
899 3086 940 3150 of
950 3086 1092 3164 Mercia,
1107 3089 1181 3153 779.

268 3187 320 3250 14.
342 3184 475 3250 Cuncta
488 3184 603 3250 labilis
617 3184 711 3250 uitae
724 3185 825 3249 huius
840 3187 1063 3254 subsistentia
1074 3209 1225 3256 momen-

224 3295 330 3352 tanea
352 3295 389 3352 et
411 3288 554 3366 caduca,
579 3307 662 3370 prae
685 3287 805 3366 oculis,
828 3288 972 3353 decessu
992 3292 1224 3373 praesentium

224 3388 455 3470 proximorum
472 3387 569 3471 [que]
590 3394 778 3464 cernentes,
797 3387 1028 3453 festinandum
1049 3393 1149 3457 nobis
1171 3399 1225 3457 est

224 3506 447 3568 summopere,
476 3495 516 3551 ut
543 3506 722 3571 operemur
749 3488 793 3552 ad
817 3507 934 3554 omnes
960 3491 1051 3555 sicut
1073 3494 1225 3558 ueridica

225 3588 407 3670 apostolici
441 3587 610 3670 dogmatis
641 3589 842 3672 comprobat
873 3591 1036 3672 assertio;
1074 3593 1225 3658 maxime

224 3695 339 3753 autem
353 3688 397 3753 ad
412 3687 619 3754 domesticos
631 3689 721 3755 fidei.
766 3689 994 3774 Quapropter,
1007 3697 1072 3756 etc.

1004 3791 1093 3869 Offa,
1106 3791 1181 3857 780.

271 3892 325 3956 15.
362 3890 500 3956 Saeculi
535 3911 683 3974 namque
711 3892 859 3956 labentis
888 3898 1043 3975 tempora
1070 3894 1224 3960 uelocius

224 3998 328 4056 uento
352 4010 465 4055 aerem
490 3996 646 4072 tranaut3
672 3991 819 4073 ideoque
841 4010 959 4056 omues
978 3991 1093 4058 firmas
1116 4001 1226 4059 statu-

224 4091 335 4156 tiones
350 4090 439 4155 serie
456 4091 647 4156 litterarum
668 4091 884 4167 adnotamus,
897 4110 941 4154 ne
956 4090 1042 4156 forte
1060 4093 1094 4156 in
1109 4100 1225 4176 poste-

224 4210 298 4256 rum
313 4191 438 4275 aliquis
458 4191 663 4276 ignorantia,
680 4191 871 4258 auaritiaue
890 4210 933 4257 ea
949 4190 1088 4257 decreta
1108 4193 1227 4258 infrin-
