3112 5032
442 445 614 494 ounnrna
637 443 972 493 Aucnosaxouicnn.
1167 429 1231 495 201

178 604 388 668 Marciorum
417 605 510 688 quod
539 606 679 688 Bynna,
704 623 818 668 eomes
853 605 957 686 regis,
989 605 1130 670 sustulit
1159 607 1234 670 sine

175 711 271 768 recto
293 705 383 768 hanc
408 712 535 768 terram
567 712 624 769 aet
651 704 818 769 Austan.
848 721 868 766 v
896 752 903 767 .
926 713 1116 783 manentes
1141 707 1234 788 quod

177 803 367 870 Aetelbald
386 825 452 869 rex
477 812 559 870 ante
582 805 755 881 liberauit,
779 811 814 868 et
831 804 897 868 boc
919 813 1013 869 recte
1036 807 1233 888 pertinebat

179 905 223 972 ad
238 905 354 968 sedem
369 906 599 988 episcopalem
615 905 652 968 in
668 905 825 986 Uuegrin
846 905 999 969 ciuitate.
1052 906 1151 971 Tunc
1166 907 1234 972 suit

178 1005 335 1088 synodus
347 1005 384 1068 in
399 993 488 1082 loco,
503 1006 565 1087 qui
585 1005 712 1069 dicitur
728 1003 844 1069 Clofes
868 1005 965 1083 boas,
982 1025 1073 1069 anno
1089 1008 1164 1089 [ab]
1179 1010 1234 1072 ind

179 1106 379 1169 carnatione
400 1104 530 1169 Christi
545 1121 779 1169 ‚nce.xc.1111.
802 1105 900 1186 regni
913 1105 1030 1169 Offani
1046 1153 1053 1167 .
1070 1121 1208 1172 xxxvn
1224 1155 1232 1173 .

179 1224 282 1269 anno.
334 1204 433 1270 Tunc
457 1206 638 1288 episcopus
659 1203 897 1283 Heaboredus
922 1226 999 1269 cum
1022 1207 1234 1273 conscientia

179 1305 300 1368 totius
318 1304 497 1388 synodalis
523 1305 660 1370 concilii
686 1305 869 1382 referebat,
895 1313 931 1370 et
956 1305 1159 1371 fiducialiter
1180 1308 1233 1372 ina

179 1412 448 1488 cunctanterque
457 1406 673 1470 confirmauit
687 1425 767 1470 cum
780 1405 976 1470 testimonio
986 1407 1233 1489 scripturarum

177 1505 317 1570 illarum
328 1493 419 1587 cuae
434 1502 622 1570 Aebelbald
632 1513 788 1569 texente
801 1506 838 1568 in
847 1506 1023 1569 aeternam
1038 1506 1232 1572 libertatem

179 1605 251 1668 suis
264 1606 522 1688 processoribus
534 1591 764 1688 praescripsit.
818 1605 865 1669 Et
878 1612 961 1669 tunc
974 1626 1038 1669 rex
1051 1626 1127 1670 cum
1141 1610 1234 1672 omni

180 1703 324 1768 consilio
355 1706 467 1769 sancti
495 1706 631 1769 concilii
657 1705 906 1783 consentiebat,
935 1705 1027 1789 quod
1049 1705 1231 1790 episcopus

179 1804 356 1887 praefatus
370 1806 471 1869 salua
492 1825 597 1869 manu
610 1805 801 1888 accipiebat
822 1805 859 1868 in
881 1807 1115 1870 contenditum
1133 1826 1231 1872 suam

179 1905 355 1987 propriam
372 1906 667 1988 praenominatam
691 1912 829 1983 terram,
852 1912 887 1969 et
914 1907 979 1970 hoc
1005 1927 1083 1971 cum
1108 1908 1233 1972 confir-

179 2006 329 2068 matione
345 2013 501 2070 sanctae
526 2006 636 2069 crucis
667 2004 796 2068 Christi
818 2025 936 2070 omnes
965 2007 1174 2086 munierunt,
1193 2013 1233 2074 ut

179 2104 278 2168 firma
292 2113 327 2169 et
340 2106 489 2170 infracta
502 2113 702 2188 permaneat
716 2105 752 2198 ip
770 2123 902 2168 aeuum.

186 2235 188 2242 v
235 2206 274 2287 ›1‹
289 2205 366 2287 Ego
395 2205 474 2270 Offa
500 2226 563 2270 rex
588 2205 808 2282 Merciorum,
834 2207 935 2288 signo
958 2213 1098 2272 sanetae
1122 2209 1234 2273 erucis

180 2305 389 2370 confirmaui.
448 2308 487 2389 ›1‹
505 2306 581 2388 Ego
607 2303 753 2388 Ecgserb
776 2305 866 2369 filius
888 2307 993 2397 regie,
1016 2309 1175 2372 consensi
1198 2317 1233 2373 et

179 2406 376 2487 subscripsi.
455 2407 496 2487 ›1‹
530 2407 674 2488 Signum
714 2404 933 2488 Hygeberbti
974 2406 1231 2491 archiepiscopi.

185 2506 225 2587 ›1‹
249 2505 395 2586 Signum
424 2503 651 2573 Aebelheardi
689 2504 944 2588 archiepiscopi.
1018 2509 1058 2590 ›1‹
1087 2507 1232 2589 Signum

181 2602 524 2690 Ceoluulfiepiscopi.
582 2608 621 2689 ›1‹
636 2603 820 2669 Heabored
839 2606 1001 2690 episcopi.
1059 2606 1231 2691 ›1⁴0yne·

179 2705 292 2769 berbti
305 2706 466 2789 episcopi.
517 2708 556 2789 ›1‹
578 2704 750 2770 Deneferb
769 2705 930 2790 episcopi.
987 2710 1027 2791 ›1‹
1041 2705 1232 2788 Wigmund

181 2805 296 2870 abbas.
339 2807 378 2888 ›1‹
396 2805 531 2870 Brorda
544 2807 628 2870 dux.
671 2808 711 2889 ›1‹
727 2805 903 2890 Alhmund
918 2807 1001 2872 dux.
1048 2808 1233 2891 ›14Bynna

181 2904 264 2968 dux.
338 2907 378 2988 ›1‹
414 2896 598 2989 Wigberht
638 2906 719 2971 dux.
798 2908 837 2989 ›1‹
877 2906 1104 2974 Heardberbt-
1147 2909 1230 2972 dux.

186 3006 226 3087 ›1‹
247 3005 349 3069 Uoba
363 3006 444 3071 dux.

641 3183 772 3196 Μ

633 3307 785 3373 CLXV.

491 3455 625 3519 BEON
630 3455 713 3536 NA,
735 3458 926 3524 786-796.

239 3604 278 3685 ›1‹
296 3603 341 3667 Iu
371 3604 508 3667 nomine
533 3605 758 3686 gubernantis
784 3607 840 3671 dei
867 3606 1101 3672 monarchiam
1127 3609 1235 3674 totius

181 3703 323 3767 mundi!
377 3703 454 3785 Ego
477 3704 623 3768 Beonna
645 3707 752 3770 abbas
775 3708 890 3790 gratia
913 3705 981 3785 dei,
1006 3726 1083 3772 eum
1104 3711 1236 3774 consci-

184 3803 280 3866 entia
304 3811 339 3866 et
361 3804 500 3868 licentia
527 3801 672 3868 fratrum
698 3807 799 3870 deum
827 3808 1013 3872 colentium
1035 3811 1072 3872 in
1094 3825 1235 3874 monas·

184 3903 272 3966 terio
299 3904 392 3985 quod
418 3904 614 3987 appellatur
640 3905 952 3984 Medeshamstede‚
975 3909 1101 3973 tradidi
1127 3909 1236 3973 Cutha

183 4003 307 4068 berhto
320 4004 467 4087 principi
482 4012 610 4068 terram
624 4023 663 4069 x.
681 4009 904 4084 manentium,
916 4027 1004 4090 quae
1019 4016 1238 4091 nuncupatur

184 4110 242 4166 aet
257 4103 526 4182 Suinesheabde,
541 4125 618 4169 cum
634 4109 744 4189 pratis
760 4116 795 4172 et
808 4109 947 4191 pascuis
963 4127 1004 4172 ac
1023 4109 1118 4172 silbis
1132 4130 1237 4174 cunc-

184 4203 297 4285 tisque
321 4203 424 4268 adse
451 4206 710 4287 pertinentibus.
766 4208 869 4273 Hanc
892 4215 1008 4273 autem
1030 4216 1157 4274 terram
1179 4209 1237 4275 ille
