3112 5032
313 413 378 477 152
567 419 740 471 cannata
764 413 1107 466 asotosaxontcass.

314 603 382 667 que
396 581 623 666 possessionis
637 578 766 660 largita
779 583 845 639 est.
898 571 1003 637 Nunc
1020 591 1105 653 ergo
1129 590 1208 634 cum
1229 562 1369 636 licentia

315 702 494 748 seruorum
519 680 586 758 dei,
610 679 670 761 qui
696 678 760 741 sub
780 695 858 739 meo
879 672 1046 754 regimine
1069 671 1125 736 dei
1151 671 1369 754 prouidentia

315 784 586 857 constituuntur,
613 779 760 842 libenter
788 773 1006 855 Aeeelburge
1029 771 1224 835 honorabili
1262 773 1368 835 abba-

318 881 550 961 nascentiae
576 877 742 954 demedi,
768 895 846 939 eam
872 873 993 952 trad03
1014 873 1066 937 ita
1089 879 1207 935 manen
1229 879 1271 935 ut
1292 872 1369 954 ipsa

317 984 458 1046 uiuente
480 981 609 1044 habeat
629 985 665 1043 et
686 976 873 1060 possideat,
905 981 941 1037 et
969 980 1050 1055 post
1073 971 1205 1036 obitum
1229 969 1304 1034 eius
1325 971 1369 1034 ad

319 1081 519 1146 aecclesiam
538 1079 632 1144 beati
646 1077 743 1142 Petri
756 1073 921 1158 principis
941 1072 1177 1154 apostolorum
1192 1089 1282 1153 quae
1302 1072 1370 1136 sita

319 1183 422 1247 estin
436 1181 645 1262 Uneogema
666 1172 819 1253 ciuitate,
844 1173 902 1237 ubi
924 1179 960 1235 et
976 1171 1186 1254 pontificalis
1207 1171 1371 1234 cathedra

322 1281 548 1344 Huicciorum
564 1278 787 1344 constituitur
807 1293 871 1358 pro
890 1279 1030 1336 aeterna
1051 1270 1286 1354 redemptione
1298 1272 1371 1334 ani-

320 1399 399 1445 mae
426 1399 523 1444 meae
545 1380 670 1443 iterum
692 1376 824 1440 reddat.
877 1372 978 1436 Haeo
1006 1371 1142 1435 cartula
1169 1371 1300 1452 scripta
1319 1378 1374 1434 est

321 1500 414 1546 anno
429 1482 474 1544 ab
486 1478 724 1543 incarnatione
741 1473 872 1540 Christi
887 1519 896 1537 .
914 1487 1163 1536 occmxxam.
1185 1470 1370 1535 indictione

322 1595 392 1644 ΧΗ.
407 1580 462 1642 his
477 1579 623 1643 testibus
638 1574 931 1641 confirmantibus.

378 1681 418 1760 ›1‹
439 1678 514 1759 Ego
537 1677 664 1741 Milred
692 1675 874 1757 episcopus
899 1672 989 1734 hane
1013 1687 1124 1734 meam
1153 1670 1374 1734 donationem

324 1777 424 1859 signo
442 1777 553 1841 crucis
568 1775 789 1852 confirmabo,
811 1791 854 1836 ea
875 1763 1085 1835 conditione¹
1109 1776 1150 1833 ut
1173 1770 1235 1833 illa
1253 1769 1373 1855 Aepel·

322 1877 410 1940 burh
425 1876 509 1941 illud
525 1876 771 1939 monasterium
794 1880 853 1938 aet
870 1870 1191 1950 Uueogemacestre
1205 1889 1283 1932 cum
1298 1891 1370 1934 om-

324 1977 424 2040 nibus
438 1977 538 2041 bonis
552 1995 642 2058 quae
656 1975 704 2038 ibi
726 1981 807 2037 sunt
828 1978 910 2056 post
928 1970 1018 2033 diem
1042 1970 1116 2032 eius
1130 1969 1175 2032 ad
1192 1969 1370 2052 Uueoger-

324 2097 463 2140 oensem
486 2095 623 2159 quoqne
650 2073 773 2138 reddat
799 2071 1013 2146 aecclesiam,
1038 2070 1129 2133 sicut
1152 2078 1373 2153 praeceptum

325 2184 401 2242 erat
413 2176 523 2259 patris
537 2176 611 2239 eius
626 2173 792 2240 Aeliredi.

784 2349 905 2362 ..-

767 2467 930 2534 CXXV.

409 2617 613 2685 ALDRED
638 2619 702 2683 OF
726 2618 830 2682 THE
853 2615 1097 2694 HWICCAS,
1120 2617 1305 2681 757-775.

382 2770 421 2849 »1⁴
438 2767 484 2831 IN
512 2767 650 2832 nomine
678 2766 808 2831 domini
835 2767 946 2830 nostri
975 2766 1081 2830 Ihesu
1105 2764 1236 2830 Christi
1259 2766 1376 2829 mundi

327 2867 532 2932 saluatoris!
584 2867 684 2932 Nihil
707 2867 886 2932 intulimus
907 2867 945 2930 in
964 2866 1054 2930 hunc
1069 2865 1234 2929 mundum
1257 2886 1376 2930 uerum

328 2986 392 3030 nec
406 2966 540 3031 auferre
553 2967 634 3048 quid
650 2965 844 3049 possumus.
883 2963 1020 3029 Idcirco
1029 2966 1175 3030 terrenis
1190 2972 1225 3028 et
1239 2965 1377 3030 caducis

328 3065 492 3130 coelestis
509 3067 643 3148 patriae
664 3066 817 3149 praemia
832 3066 1017 3129 mercanda
1035 3072 1127 3130 sunt.
1180 3063 1262 3143 Qua
1280 3065 1375 3130 dere

328 3185 394 3247 ego
410 3163 553 3241 Aldred,
566 3185 643 3228 cum
659 3184 829 3230 consensu
842 3172 877 3228 et
891 3164 1030 3229 licentia
1044 3165 1160 3228 Offani
1173 3165 1265 3246 regis
1280 3165 1376 3229 Mer-

327 3265 459 3328 ciorum
474 3271 509 3327 et
526 3263 674 3328 Uhtredi
687 3264 844 3347 germani
865 3265 943 3342 mei,
965 3283 1030 3347 pro
1051 3265 1285 3346 redemptione
1300 3266 1375 3329 ani·

328 3382 511 3444 maemeae
522 3370 558 3427 et
571 3384 635 3447 pro
648 3383 709 3447 spo
723 3364 846 3427 salutis
859 3371 1033 3441 aeternae,
1044 3363 1171 3427 terram
1184 3364 1288 3426 trium
1301 3383 1377 3427 cas-

328 3465 494 3542 satorum,
507 3464 544 3527 in
557 3464 719 3546 looo,'qui
730 3463 856 3528 dicitur
871 3463 1113 3541 Huntenatun,
1124 3483 1202 3528 cum
1219 3465 1377 3528 omnibus

328 3565 394 3628 sibi
407 3563 643 3628 adiacentibus
657 3564 760 3626 rebus
775 3565 810 3628 et
824 3563 936 3626 rectis'
945 3563 1011 3626 hiis
1033 3564 1203 3641 omnibuS,
1216 3563 1253 3626 in
1267 3563 1377 3644 siluis,

328 3665 366 3726 in
380 3683 514 3746 eampo,
537 3663 780 3727 Beornheardo
801 3663 926 3726 comite
943 3683 1032 3741 meo,
1051 3664 1157 3744 digno
1170 3663 1305 3745 praetio
1323 3666 1376 3728 in-

327 3782 433 3846 super
460 3764 504 3826 ab
532 3783 573 3827 eo
604 3770 777 3845 suscepto,
802 3763 839 3826 in
865 3762 931 3825 ius'
944 3764 1121 3845 proprium
1146 3762 1292 3826 libenter
1312 3785 1375 3846 pro

327 3862 467 3928 domino
482 3863 629 3944 largitus
642 3882 730 3927 sum.
781 3861 820 3925 Si
833 3869 962 3938 autem,
976 3863 1069 3945 quod
1083 3863 1186 3940 absit,
1200 3864 1277 3945 quis
1291 3873 1376 3928 auass

324 3961 427 4026 -ritiae
441 3964 566 4046 spiritu
579 3962 738 4040 insectus,
748 3961 838 4026 hanc
846 3962 1078 4040 donationem,
1087 3982 1192 4045 quam
1205 3982 1283 4025 cum
1293 3983 1375 4028 oon·

327 4062 472 4128 scientia
485 4071 520 4128 et
530 4063 698 4147 permissu
714 4061 829 4125 Offani
844 4062 936 4143 regis
956 4062 1166 4128 Muciorum
1179 4069 1215 4126 et
1231 4062 1375 4128 Uhtredi

701 4187 709 4220 ¹
727 4189 784 4240 MS.
794 4187 1000 4239 contradictione.
1031 4200 1034 4206 ·
