3172 5030
315 423 360 490 24
569 439 741 488 cusnrsn
765 439 1106 490 sucnossxonrosn.

320 604 453 662 scente
467 597 621 661 tribuual
641 598 811 662 examinis
834 597 893 687 xpi
911 599 1079 662 rationem
1102 595 1315 661 redditurum
1337 601 1373 658 et

320 699 445 762 habere
467 704 601 780 partem
617 718 695 763 cum
716 699 799 763 iuda
820 700 988 764 traditore
1005 698 1063 762 diii
1085 697 1137 763 nii
1158 695 1219 761 ihu
1240 695 1320 782 xpi.
1336 695 1372 758 in

319 798 456 862 inferno
471 791 654 862 inferiore.¹

370 897 475 963 Anno
507 897 688 963 dominioae
710 898 980 964 incarnationis.
998 913 1166 963 ucuxxx.
1193 915 1260 978 ego
1282 895 1373 960 caed-

319 997 414 1062 ualla
427 1017 491 1061 rex
510 1017 532 1062 a
552 997 687 1081 prefato
707 1006 850 1082 rogatus
873 998 948 1087 aepo
969 1000 1059 1064 hanc
1074 997 1272 1063 donationis
1287 1015 1372 1060 meaa

320 1097 490 1163 cartulam
512 1099 661 1162 scribere
675 1099 827 1164 iussi.et
848 1103 978 1184 absque
1001 1099 1149 1165 trimoda
1168 1097 1374 1162 necessitate

323 1199 430 1264 totius
460 1195 580 1285 x‘piaui
610 1198 730 1282 populi
758 1199 794 1264 id
826 1209 879 1266 est
910 1202 1000 1265 arcis
1030 1198 1220 1264 munitione
1236 1197 1374 1281 .pontis

321 1298 582 1364 emendatione.
599 1299 754 1364 exercitii
778 1303 1001 1382 congestione
1016 1301 1159 1366 liberam
1174 1298 1374 1382 perstrinxi.

320 1420 388 1482 ego
399 1399 569 1481 ecguuald
584 1400 788 1482 subregulus
804 1409 919 1467 mente
932 1401 1060 1466 denota
1073 1399 1232 1488 consensi
1246 1407 1281 1464 et
1293 1399 1374 1464 sub-

322 1498 457 1582 scripsi.
513 1501 552 1580 ›1‹
574 1519 640 1581 ego
656 1500 861 1566 aethelredus
876 1502 1016 1567 domino
1030 1508 1209 1585 prestante
1233 1520 1296 1564 rex
1312 1517 1375 1582 pro

322 1599 473 1664 remedio
488 1600 612 1664 animae
627 1620 713 1665 meae
728 1600 818 1666 hanc
839 1601 1025 1667 donatione
1042 1601 1274 1666 corroboraui.
1330 1601 1369 1681 ›1‹

324 1719 390 1781 ego
405 1698 519 1763 haeddi
533 1695 593 1786 eps
606 1701 766 1765 consensi
781 1709 817 1766 et
831 1703 960 1767 snbsci.
994 1703 1034 1784 ›1‹
1048 1723 1113 1785 ego
1127 1700 1376 1766 ercenuualdus

323 1797 383 1885 eps
412 1800 505 1864 coni.
542 1805 578 1863 et
611 1801 740 1865 subsci.
798 1803 924 1885 ›14ego
951 1803 1143 1874 aldhelmus
1172 1801 1375 1867 scolasticus

323 1896 474 1986 archiepi
496 1898 653 1964 theodori
672 1900 762 1966 hanc
784 1904 953 1968 cartulam
974 1903 1137 1972 dictitans
1160 1911 1264 1985 prout
1284 1901 1376 1983 regis

322 1999 558 2082 maiorumque
579 2000 713 2082 inperia
726 2009 924 2068 statuerunt
936 2003 1085 2069 scribere
1099 2003 1196 2069 iussi.
1238 2003 1377 2084 illisque

323 2100 557 2164 sancientibus
579 2101 804 2166 constitutum
830 2111 884 2168 est
899 2153 907 2169 .
923 2112 964 2170 ut
988 2105 1091 2169 beato
1116 2104 1192 2168 uiro
1215 2101 1377 2166 unilfrido

323 2200 475 2263 liberum·
495 2209 687 2265 remaneret
710 2204 888 2269 arbitrium
908 2204 944 2268 in
967 2206 1042 2270 uita
1064 2223 1129 2270 sua
1143 2205 1186 2269 de
1200 2202 1266 2267 hac
1289 2202 1379 2266 ruris

323 2299 626 2384 possessiuncula.
641 2309 675 2366 et
695 2311 776 2385 post
797 2305 928 2370 obitum
947 2307 1150 2388 cuicumque
1171 2303 1321 2369 uoluerit
1340 2303 1378 2366 iu

327 2409 493 2466 aetemam
513 2403 764 2483 possessionem
777 2404 851 2468 iure
864 2405 1071 2471 hereditario
1084 2405 1348 2487 derelinqueret.

324 2545 326 2550 -
378 2499 458 2565 Pax
489 2502 623 2566 cunctis
661 2503 866 2586 legentibus.
903 2507 1108 2588 consensiiq:
1145 2505 1378 2588 prebentibus.

326 2602 440 2684 sitque
477 2601 554 2665 laus
590 2604 778 2668 utentibus.
829 2605 960 2689 luxque
996 2626 1119 2690 perpes
1147 2605 1378 2670 credentibus.

325 2702 437 2766 uirtus
454 2701 530 2765 nita
551 2701 760 2769 fauentibus.
812 2706 877 2770 rite
899 2715 1035 2773 constet
1057 2707 1234 2772 senatibus
1257 2705 1381 2788 anglo-

326 2821 403 2865 rum
418 2809 523 2883 atque
538 2803 671 2868 cetibus
686 2804 746 2887 qui
761 2805 853 2871 dona
867 2806 1003 2873 firment
1015 2808 1167 2874 nutibus.

377 2901 648 2985 Indorsed.-›1‹
655 2905 837 2970 uuilfridus
848 2908 1000 2991 episcop.
1013 2908 1181 2973 cartulam
1192 2907 1282 2972 hanc
1290 2906 1380 2970 mul-

325 3001 542 3166 timodpisque
566 3011 602 3068 et
630 3003 839 3072 humillimas
866 3007 1032 3073 theodoro
1057 3008 1315 3093 archiepiscopo
1342 3006 1379 3071 in

326 3120 427 3188 xpos
464 3109 573 3172 ures:-

801 3412 920 3478 xix.

598 3555 811 3638 nurum,
828 3560 914 3646 cury
929 3563 1003 3644 oth,
1016 3559 1107 3631 oso²

379 3708 587 3772 Rnounuun
613 3725 653 3770 ac
678 3708 895 3789 gubernante
919 3731 982 3777 nos
996 3713 1137 3779 domino
1159 3724 1278 3782 nostro
1302 3717 1383 3782 lesu

328 3806 468 3872 Christo
483 3809 490 3872 ι
514 3825 632 3871 mense
649 3807 754 3884 Iulio,
770 3809 879 3891 pridie
894 3831 1016 3891 nonas,
1033 3814 1228 3882 Indictione
1249 3817 1384 3900 quinta,

359 3950 455 4001 Here
467 3951 553 4001 follow
564 3951 607 4001 the
623 3953 785 4014 boundaries
808 3955 845 4002 in-
870 3955 931 4016 ci,ty
957 3961 1049 4018 except
1070 3956 1113 4007 the
1132 3958 1317 4022 disagreement
1341 3963 1383 4011 be-

326 4022 443 4070 sertedi
435 4039 461 4071 ιιι
484 4023 568 4085 Latin,
585 4023 661 4073 and
654 4039 680 4072 ιιι
704 4024 747 4073 the
775 4038 845 4074 same
870 4029 952 4074 tween
973 4027 1016 4076 the
1034 4041 1096 4088 year
1119 4030 1170 4078 aud
1192 4031 1234 4080 the
1253 4032 1384 4094 indiction,

325 4091 403 4141 hand.
869 4094 954 4144 which
979 4097 1071 4146 should
1093 4099 1125 4147 be
1149 4114 1207 4150 v111.
1258 4103 1311 4152 But
1332 4103 1383 4152 this

360 4160 480 4211 ²''l'here
472 4177 495 4212 u
511 4162 581 4211 nothi
572 4179 617 4226 mg
634 4164 660 4212 in
677 4163 728 4213 this
744 4162 845 4213 charter
869 4181 938 4215 error
949 4167 972 4216 is
983 4183 1044 4230 very
1056 4170 1225 4264 intelligible
1217 4186 1243 4221 ιιι
1254 4187 1270 4222 a
1281 4174 1383 4224 modern

324 4236 350 4280 to
371 4231 452 4282 throw
472 4233 552 4282 doubt
570 4249 638 4296 upon
661 4236 694 4284 its
717 4235 844 4284 authenti·
867 4252 941 4299 copy
