3188 5032
475 403 649 465 cnlnrnn
672 414 1012 468 nnouosnxonrocn.
1228 406 1272 476 49

216 568 346 634 ditione
367 571 584 655 interposita,
603 581 642 638 ut
667 575 777 639 nostri
792 576 989 640 memoriam
1011 575 1179 656 habeatis,
1193 586 1264 643 tam

218 669 255 732 in
265 670 446 736 missarum
457 673 656 756 solempniis
670 692 774 756 quam
788 676 824 738 in
834 677 1046 740 orationibus
1060 678 1197 755 nestris,
1212 680 1265 742 in·

217 777 392 834 cessanter
415 772 513 835 nobis
535 774 802 838 misericordiam
824 795 845 838 a
873 774 1013 839 domino
1035 778 1262 858 postulantes.

219 865 385 952 Quisquis
410 891 493 935 uero
518 882 639 936 contra
670 874 759 937 hanc
787 874 960 956 largitatis
987 883 1127 940 nostrae
1155 877 1263 942 dona-

215 967 343 1032 tionem
358 971 511 1052 quolibet
533 980 686 1056 tempore
709 975 880 1038 contraire
898 976 1178 1058 praesumpserit,
1201 997 1263 1042 no-

215 1067 304 1132 uerit
328 1089 378 1147 se,
400 1071 556 1156 quisquis
578 1073 637 1137 ille
658 1075 715 1151 sit,
731 1075 1029 1157 aparticipatione
1051 1078 1204 1158 eorporis
1228 1085 1263 1142 et

214 1169 394 1249 sanguinis
424 1170 552 1236 domini
579 1174 690 1236 nostri
717 1172 822 1238 Ihcsu
846 1173 975 1238 Christi
999 1174 1161 1252 alienum,
1184 1183 1220 1240 et
1241 1196 1263 1240 a

214 1271 388 1332 consortio
402 1269 553 1334 fidelium
575 1274 839 1354 segregandum,
859 1281 1021 1338 manente
1041 1273 1105 1338 hac
1130 1276 1263 1340 cartula

213 1374 352 1432 nostrae
377 1367 573 1434 donationis
601 1372 637 1435 in
665 1391 729 1437 sua
750 1373 971 1438 nihilominus
986 1373 1158 1438 firmitate.
1204 1372 1261 1439 Ad

212 1467 309 1529 cuius
319 1468 623 1548 confirmationem,
633 1492 696 1554 pro
704 1473 902 1554 ignorantia
909 1474 1114 1550 litterarum,
1123 1475 1261 1556 signum

211 1572 355 1630 sanctae
369 1569 480 1631 crucis
494 1569 737 1652 expressimus,
754 1579 790 1636 et
803 1579 911 1636 testes
933 1581 974 1636 ut
995 1573 1183 1637 scriberent
1205 1593 1260 1638 ro-

212 1665 383 1745 gauimus.
435 1665 563 1733 Actum
577 1671 613 1733 in
629 1691 745 1736 mense
761 1671 904 1750 Martie,
920 1671 1114 1736 Indictione
1129 1692 1232 1737 nona.

267 1766 307 1845 ›1‹
324 1764 468 1846 Signum
505 1788 628 1834 manus
658 1770 842 1835 Uuihtredi
870 1773 962 1853 regis
1000 1779 1035 1836 et
1071 1772 1259 1837 donatoris

216 1865 256 1944 ›1‹
273 1863 418 1946 Signum
438 1887 560 1932 manus
575 1866 832 1953 Aethelburgae
848 1871 990 1953 reginae
1010 1879 1046 1935 et
1061 1871 1260 1936 donatricis.

216 1964 256 2043 ›1‹
272 1963 352 2028 Hoc
367 1985 432 2047 ego
448 1966 706 2050 Ge[b]mundus
720 1971 902 2055 episeopus
917 1971 1084 2053 expressi.
1269 1979 1271 1984 ’

680 2193 808 2260 XLII.

409 2327 765 2406 *unrnrnlnn
788 2327 890 2413 April
903 2331 960 2408 m,
974 2329 1051 2396 697.

265 2461 303 2540 ›1‹
320 2461 396 2524 Eeo
411 2460 624 2525 Uuihtredus
644 2480 707 2524 rex
725 2459 1003 2538 Cantuariorum,
1025 2460 1261 2524 consentiente

207 2561 332 2641 regina
347 2559 588 2642 Aethilburga,
604 2567 709 2642 atque
726 2561 991 2642 [Beretuualdo]
1008 2561 1122 2642 gratia
1135 2560 1190 2623 dei
1205 2578 1261 2624 ar-

208 2658 438 2742 chiepiscopo,
454 2681 525 2724 non
541 2660 652 2725 solum
669 2659 905 2724 consentiente
920 2658 981 2723 sed
996 2660 1100 2723 etiam
1118 2678 1259 2741 persua-

208 2757 323 2836 dente,
355 2780 425 2825 una
450 2780 528 2824 cum
553 2758 711 2824 omnibus
740 2759 1009 2841 prouincialibus
1034 2758 1258 2841 principibus,

208 2876 300 2924 anno
315 2861 413 2941 regni
426 2861 493 2924 mei
508 2867 621 2937 sexto,
635 2858 787 2922 secunda
799 2858 887 2922 feria
897 2857 1041 2941 Aprilis,
1053 2866 1180 2922 terram
1196 2878 1259 2923 no·

207 2959 373 3025 minatam
402 2959 519 3041 Haeg,
545 2959 775 3041 quadraginta
804 2959 1027 3035 manentium,
1050 2978 1114 3040 pro
1144 2957 1260 3021 anima

208 3077 285 3123 mea
300 3067 404 3142 atque
419 3078 584 3136 meorum
596 3059 791 3122 absolutam
806 3059 850 3121 ab
865 3058 1017 3121 omnium
1031 3057 1259 3121 saecularium

206 3158 435 3237 dominorum,
450 3161 487 3223 in
501 3159 557 3223 dei
571 3159 748 3235 tributum,
764 3158 960 3222 abbatissae
970 3155 1113 3222 Aebbae
1127 3157 1164 3220 in
1178 3176 1259 3239 pro-

207 3259 318 3339 priam
333 3260 584 3340 possessionem
595 3266 699 3340 atque
711 3256 939 3321 monachilem
948 3257 1103 3339 regulam
1112 3256 1259 3339 perhen-

207 3358 298 3426 niter
319 3358 521 3440 perdonaui,
546 3367 587 3424 ut
617 3359 681 3423 deo
700 3358 924 3422 seruientium
942 3376 1061 3438 preces
1086 3357 1161 3420 sine
1183 3376 1258 3420 mu·

207 3457 338 3521 tatione
365 3478 428 3540 pro
453 3459 528 3521 uita
549 3478 626 3522 mea
645 3458 871 3541 protelentur.
924 3454 995 3535 Qui
1018 3463 1133 3520 autem
1153 3474 1258 3526 ausus

205 3553 310 3621 suerit
323 3557 453 3639 aliquid
476 3564 536 3621 aut
559 3557 693 3622 auferre
708 3564 770 3622 aut
785 3560 1016 3618 transmutare
1030 3556 1105 3618 sine
1118 3554 1259 3618 licentia

205 3657 467 3737 possidentium,
488 3657 580 3738 quod
603 3657 704 3732 absit,
727 3654 846 3719 reddet
868 3655 1037 3718 rationem
1052 3653 1181 3722 Christi
1196 3673 1257 3734 ge-

201 3756 321 3822 nitrici
336 3756 471 3822 Mariae
488 3757 525 3818 in
547 3756 603 3820 die
622 3755 752 3832 iudicii,
765 3755 801 3818 in
825 3753 923 3818 cuius
946 3753 1110 3835 suffragio
1133 3752 1256 3834 perdo·

206 3857 300 3920 naui.
334 3849 463 3936 ¹Quam
477 3856 759 3937 perdonationem
771 3873 848 3917 cum
859 3854 961 3934 signo
976 3854 1087 3917 crucis
1098 3859 1255 3916 ornatam

199 3956 358 4019 „omnium
372 3955 604 4039 praesentium
619 3974 742 4018 manus
760 3953 955 4029 adfirmant,
968 3959 1008 4016 ut
1022 3953 1082 4034 qui
1104 3952 1177 4014 sine
1193 3971 1255 4014 uo-

205 4054 341 4120 luntate
369 4056 425 4120 dei
446 4054 627 4137 refregerit
649 4054 777 4130 audax,
799 4073 886 4117 crux
900 4051 1029 4115 Christi
1052 4071 1155 4134 super
1178 4070 1255 4124 eum

205 4153 241 4219 in
256 4155 444 4220 uindictam
459 4155 590 4231 ueniat,
606 4153 673 4221 nisi
688 4153 893 4233 regulariter
907 4151 1152 4224 emendauerit,

1083 4268 1104 4318 E
