3134 5030
447 414 619 462 onsurae
643 414 985 464 nncnosnxonrcnn.
1174 401 1242 467 243

186 570 352 637 habentes
378 571 526 636 concilio
552 571 828 654 interpraetatas.
896 571 1036 638 Placuit
1066 573 1125 655 pio
1162 576 1237 658 regi

186 671 368 736 coenuullo
382 692 460 736 cum
475 673 620 738 consilio
634 679 670 736 et
681 691 850 736 consensu
869 673 976 736 totius
993 673 1131 738 concilii
1142 674 1236 740 illius

186 770 222 835 id
247 774 266 835 ὅ
291 772 495 858 episcoporii
518 773 678 858 principi
703 771 793 836 ducii
814 771 1011 838 iudicumue
1033 773 1238 858 maiornmq:

187 879 283 937 natu.
338 872 410 937 Pro
424 873 555 939 honore
576 872 613 938 di
634 873 879 954 omnipotentis
899 891 940 936 ac
962 892 1026 955 pro
1038 875 1238 956 expiatione

187 971 366 1054 piaculorii
379 972 462 1037 eius.
479 982 552 1057 atq:
572 993 635 1057 pro
651 971 929 1037 reuerentissimo
943 971 1126 1038 dilectione
1144 975 1236 1039 uulf·

186 1072 260 1136 redi
271 1072 445 1157 aicepisiii.
461 1094 522 1138 seu
532 1074 637 1138 etiam
648 1092 712 1156 pro
725 1073 799 1136 eius
813 1072 914 1155 larga
923 1074 1112 1156 pecuniarii
1121 1095 1236 1139 remu·

188 1173 377 1238 neratione.
386 1172 453 1238 hoc
468 1177 637 1238 &centum
648 1180 684 1238 et
694 1172 819 1254 uiginti
832 1190 898 1238 .v1.
914 1191 1095 1238 mancusas
1105 1193 1169 1256 pro
1182 1175 1236 1239 his

187 1273 258 1337 reb:
275 1273 313 1336 in
321 1273 532 1338 occidentale
544 1274 680 1338 cantiae
690 1271 727 1337 in
740 1273 881 1354 regione
894 1274 1126 1357 suburbanaq:
1142 1275 1235 1357 regis

188 1373 315 1456 oppido
337 1373 386 1436 ibi
411 1375 457 1437 ab
483 1374 606 1439 incolis
630 1372 875 1456 megingahfim
904 1375 1104 1456 nuncupato
1128 1373 1236 1438 Tertii

187 1465 296 1537 duorfl
310 1480 488 1537 aratrunm
500 1475 537 1536 in
547 1473 632 1537 locis
642 1472 828 1538 nominatis
836 1473 907 1538 illic
917 1469 997 1538 beet
1007 1472 1235 1558 suilihunincg

186 1572 268 1636 lond
279 1580 337 1638 aet
349 1573 472 1656 gruson
483 1591 558 1638 aea.
573 1579 644 1656 atq:
661 1572 740 1636 rarii
761 1573 799 1636 in
820 1573 962 1639 ciuitate
977 1572 1182 1648 doronernia
1195 1576 1232 1641 in

186 1673 338 1736 australe
350 1681 450 1755 parte
464 1673 629 1738 ecclesiae
643 1672 827 1738 saluatoris
840 1673 927 1737 duas
938 1675 1234 1756 possessiunculas

188 1779 222 1837 et
244 1771 346 1837 tertii
364 1772 511 1839 dimediii
523 1773 559 1838 id
573 1776 591 1838 ἕ
605 1774 642 1838 in
658 1774 720 1837 nia
738 1773 889 1856 loquella
907 1771 1027 1838 dridda
1048 1773 1126 1839 hall
1142 1774 1235 1858 haga

188 1879 223 1937 et
239 1879 342 1957 prata
352 1873 421 1937 duo
435 1874 480 1938 ad
495 1892 555 1938 eas
570 1874 666 1957 prius
676 1879 714 1938 et
727 1873 830 1938 modo
841 1873 1051 1958 pertinentia
1062 1873 1100 1938 in
1121 1875 1233 1941 orien-

185 1973 255 2039 tale
269 1980 368 2056 parte
381 1981 476 2038 sture
491 1973 641 2038 fluminis
653 1973 731 2038 sita.
748 1971 924 2039 Coenuull
931 1993 995 2038 rex
1006 1972 1073 2038 'has
1086 1974 1235 2040 terrulas

188 2073 241 2137 sui
255 2075 415 2157 propriae
429 2074 588 2157 puplicae
600 2073 685 2138 iuris
700 2093 777 2137 cum
795 2073 972 2157 praedicto
993 2074 1131 2138 concilii
1150 2095 1233 2148 con-

187 2192 301 2238 sensu.
328 2193 369 2239 ac
396 2194 460 2258 pro
482 2175 616 2238 cunctis
639 2172 823 2238 antedictis
850 2173 965 2238 causis
988 2173 1146 2238 uullredo
1169 2194 1233 2239 suo

189 2272 439 2356 archipontifici
457 2273 586 2339 donare
608 2291 649 2338 ac
670 2273 884 2338 conscribere
905 2273 943 2336 in
959 2273 1100 2356 propria,
1109 2281 1181 2358 atq:
1196 2275 1234 2338 in

188 2376 338 2456 perenn&
357 2373 582 2439 hereditatem
607 2372 767 2438 habendi:
785 2372 1003 2456 fruendumq:
1020 2379 1056 2436 et
1075 2373 1119 2437 ad
1141 2380 1233 2439 trac·

188 2474 331 2538 tandum
347 2494 425 2540 cum
436 2475 567 2558 campis
581 2473 719 2557 pascuis
733 2474 858 2557 pratib:
874 2473 973 2538 siluis
987 2470 1102 2538 saltib:
1117 2473 1233 2556 piscu-

188 2573 257 2637 osis
268 2593 310 2638 ac
320 2575 500 2638 maritimis
511 2574 625 2639 lretib:
635 2572 787 2656 paludib:
797 2572 980 2656 uallibusq:
996 2572 1106 2637 dulcis
1119 2574 1233 2641 salsu-

189 2673 357 2756 ginesque
380 2675 498 2757 salisq:
518 2673 696 2738 stationib:
720 2673 928 2755 coctionesq:
944 2678 980 2737 et
1001 2691 1079 2736 cnm
1100 2674 1234 2738 cunctis
1335 2685 1341 2690 ’

188 2771 325 2837 fructib:
341 2773 484 2839 interius
498 2774 686 2856 exteriusq:
706 2771 763 2836 uel
783 2772 923 2837 aliunde
943 2791 1090 2856 usquam
1111 2773 1155 2836 ad
1174 2793 1235 2838 eas

188 2873 254 2938 rite
277 2873 335 2937 uel
358 2873 485 2956 umqur'i
508 2873 717 2956 pertinentia
737 2873 774 2935 in
795 2873 901 2937 talem
923 2872 989 2936 sibi
1008 2889 1109 2936 usum
1132 2873 1234 2955 quale

187 2980 297 3039 semet
310 2972 376 3056 ipsi
390 2973 574 3037 utillimum
594 2973 805 3056 optimumue
819 2971 891 3036 fore
905 2971 1080 3037 uideretur
1092 2972 1237 3037 firmiter

188 3073 370 3158 pleniterq:
386 3072 606 3137 deiudicanit.
638 3071 819 3154 Integrum
841 3071 887 3158 qli
907 3072 1066 3136 libertati
1087 3071 1141 3135 his
1164 3080 1235 3139 ter-

189 3173 274 3238 rulis
288 3179 359 3256 atq:
373 3171 531 3237 ruriculis
545 3193 609 3238 rex
623 3171 787 3237 coenuulf
802 3191 880 3236 cum
901 3172 1107 3236 auctoritate
1129 3191 1236 3257 supra

188 3272 272 3338 dicti
286 3273 422 3337 concilii
433 3272 642 3338 decreuerat.
672 3322 676 3328 .
698 3269 749 3336 Ut
764 3278 927 3355 perpetue
947 3271 1016 3335 siut
1030 3271 1175 3337 liberate
1190 3275 1234 3337 ab

189 3373 317 3437 omnib:
342 3372 489 3456 puplicis
511 3372 651 3439 tributis
672 3379 709 3436 et
728 3371 902 3435 donnatis
923 3369 1056 3452 reguliir
1079 3373 1159 3435 rerii
1171 3363 1237 3436 ¹uel

189 3471 331 3556 operum
344 3472 480 3537 debitis.v
495 3474 569 3538 siue
583 3471 742 3557 principii
756 3491 818 3535 seu
837 3470 926 3534 ducii
939 3469 996 3532 uel
1005 3472 1236 3552 procuratorii

188 3580 251 3637 aut
261 3571 366 3637 etiam
377 3573 420 3636 ab
430 3573 525 3637 omni
535 3571 729 3638 saecularii:
738 3570 885 3634 causari:
892 3589 1049 3634 rerumne
1057 3570 1238 3652 grauidine

189 3673 345 3755 exceptis
366 3672 420 3737 his
441 3673 577 3738 debitis.
596 3672 664 3738 ide
683 3671 800 3755 pontis
817 3669 1052 3734 instructione.
1068 3678 1104 3738 et
1116 3677 1238 3735 contra

189 3790 347 3856 paganos
371 3772 602 3857 expeditione.
653 3769 739 3854 Atq:
764 3771 853 3836 arcis
878 3767 1067 3834 munitione
1089 3769 1236 3835 distruc-

189 3873 363 3938 tionemue
395 3871 484 3937 Cum
497 3871 614 3938 tamen
624 3871 690 3937 hoc
705 3871 867 3934 uniuerso
881 3869 1009 3952 populo
1022 3871 1238 3952 oportunitas

189 3991 325 4037 summa
352 3972 549 4056 poposcerit
572 3980 608 4037 et
635 3971 823 4036 necessitas
844 3968 978 4033 eximia
1004 3961 1070 4032 hoc
1100 3970 1238 4052 agendii

190 4078 334 4138 cunctos
357 4069 555 4157 undicumq:
584 4072 781 4137 coherceret
807 4117 813 4132 .
839 4075 923 4134 tunc
948 4068 1060 4136 atilli
1084 4069 1149 4134 rite
1173 4089 1239 4134 sna

189 4172 341 4237 reddent.

1052 4275 1069 4312 a
1082 4263 1099 4309 u
