3188 5032
471 435 644 486 curares
666 433 1010 486 ancnosnxonrcns.
1194 421 1259 486 127

211 555 299 659 tium
313 592 489 659 Unintran
508 593 626 658 abbati
646 613 711 676 pro
731 581 880 676 pecunia
901 612 979 671 sua,
1000 598 1037 658 et
1063 593 1201 677 scripsit
1223 594 1267 658 li-

212 694 340 759 bellum
361 693 467 757 elium
488 694 685 759 donationis
707 692 810 757 huius
825 701 930 776 atque
951 694 1179 778 possessionis
1203 713 1264 758 su-

213 793 439 878 prascriptae,
474 792 651 859 subtraxit
677 799 796 860 tamen
835 801 871 859 et
907 793 1103 859 donationis
1133 795 1265 878 primae

212 893 348 958 litteras
362 901 398 958 et
412 892 680 977 subscriptiones
694 913 826 976 regum,
839 894 1089 977 episcoporum,
1100 895 1264 959 abbatum

213 1001 319 1077 aupue
339 994 545 1078 principum,
561 994 643 1076 quia
664 994 757 1059 inter
777 1001 914 1058 caetere
935 1000 1105 1058 terrarum
1125 1013 1265 1058 suarum

214 1095 413 1160 testimonia
426 1095 511 1160 haec
530 1093 650 1158 eadem
669 1100 782 1159 terrae
798 1093 970 1176 particula
985 1094 1183 1178 conscripta
1195 1114 1267 1159 non

214 1194 316 1260 facile
337 1194 452 1277 potuit
473 1193 560 1277 eripi
587 1213 699 1277 neque
722 1193 835 1260 adbuc
855 1201 990 1278 potest:
1013 1201 1049 1258 et
1070 1201 1265 1278 propterea,

215 1293 458 1363 decedentibus
484 1291 604 1377 primis
631 1293 777 1360 testibus
812 1293 921 1376 longa
947 1294 1143 1378 deceptatio
1175 1295 1267 1360 inter

216 1395 364 1463 familias
388 1395 533 1459 duorum
557 1394 844 1460 monasteriorum
858 1401 936 1459 orta
947 1401 1001 1459 est
1016 1401 1052 1458 et
1066 1401 1267 1478 perseuerat

216 1514 325 1578 usque
338 1514 449 1560 nunc:
471 1493 680 1577 habe[b]ant
694 1501 810 1559 autem
823 1493 913 1559 banc
926 1501 1054 1559 terram
1068 1513 1205 1578 semper
1220 1515 1265 1560 ex

216 1615 286 1678 quo
299 1615 322 1661 a
335 1594 633 1679 praefatoabbate
645 1595 756 1681 primo
768 1593 853 1658 data
864 1602 920 1659 est
936 1593 1112 1659 Uuintren
1127 1613 1264 1660 succes·

215 1714 312 1763 sores
331 1695 426 1776 eius;
451 1701 487 1760 et
509 1694 651 1760 alterius
670 1692 819 1758 familiae
838 1701 874 1759 et
890 1713 1105 1760 successores
1119 1696 1268 1778 primum

215 1795 380 1874 libellum,
395 1795 456 1878 qni
468 1795 627 1860 manibus
643 1793 896 1876 praedictorum
914 1796 1055 1860 testium
1073 1797 1266 1862 roboratur.

217 1895 350 1962 Iccirco
371 1915 438 1977 ego
460 1913 553 1960 nunc
577 1901 683 1977 atque
703 1913 767 1960 rex
787 1903 908 1960 noster
935 1896 1163 1978 caeteri[que]
1178 1916 1267 1978 quo·

215 2016 293 2062 rum
315 1995 514 2062 testificatio
538 1995 799 2077 etsubscriptio
823 1994 915 2060 infra
939 2003 1092 2073 notatur,
1115 1997 1269 2062 reconci-

218 2096 378 2163 liauimus
392 2115 452 2160 eos
465 2095 503 2160 in
516 2115 614 2179 pace,
629 2096 757 2178 partim
767 2095 851 2160 data
865 2097 1161 2179 pecunia,partim
1173 2098 1268 2162 iura·

216 2203 334 2264 mento
346 2195 501 2261 adhibito
511 2197 551 2261 in
562 2195 815 2276 testimonium
829 2203 870 2260 ut
881 2195 1043 2279 deinceps
1054 2216 1269 2263 successores

218 2297 394 2368 Uuintran
409 2297 557 2374 abbatis,
571 2295 607 2362 id
627 2302 681 2362 est
696 2296 857 2378 Eguuald
881 2303 918 2360 et
938 2295 1069 2362 familia
1088 2298 1162 2362 eius
1179 2317 1269 2381 quae

218 2405 272 2463 est
293 2399 331 2462 in
352 2397 562 2464 monasterio
584 2396 677 2480 quod
698 2397 824 2461 dicitur
836 2395 1014 2474 Tissebiri,
1034 2415 1113 2462 cum
1131 2397 1271 2464 licentia

219 2498 361 2564 alterius
382 2496 534 2566 familiae
558 2498 614 2562 cui
640 2504 779 2581 praeest
798 2495 946 2562 Tidbald
975 2497 1094 2574 abbas,
1120 2496 1271 2564 babeant

218 2599 487 2682 possideantque
507 2597 756 2680 perpetualiter
776 2603 905 2662 terram
926 2597 969 2661 de
989 2616 1059 2679 qua
1080 2597 1139 2661 diu
1165 2597 1271 2662 alter·

218 2699 311 2764 catio
326 2704 422 2765 erat:
442 2705 479 2764 et
490 2716 655 2781 praesens
667 2696 821 2762 libellum
835 2717 900 2779 ego
914 2697 1074 2780 discripsi
1086 2703 1191 2780 atque
1208 2718 1271 2763 ex-

220 2799 332 2881 cerpsi
346 2799 390 2864 ab
405 2797 466 2862 illo
479 2798 638 2880 primitus
652 2797 736 2862 dato
748 2797 907 2862 Bectnno
920 2797 1051 2876 abbati,
1062 2797 1271 2864 concedente

219 2899 351 2966 scilicet
369 2897 541 2964 Tidbaldo
562 2899 688 2964 abbate
712 2905 748 2963 et
771 2897 903 2962 familia
926 2898 1012 2977 eius,
1036 2904 1072 2962 et
1097 2898 1176 2963 dedi
1199 2899 1271 2982 Eg·

218 3000 346 3066 uualdo
372 2999 502 3076 abbati,
528 2999 676 3064 testibus
704 2997 796 3063 infra
823 2998 954 3064 notatis
977 2999 1272 3065 consentientibus

220 3108 325 3184 atque
348 3098 629 3164 confirmantibus
649 3099 739 3164 banc
758 3098 977 3181 scripturam,
990 3100 1272 3182 reprobrantibus

221 3209 335 3269 eutem
355 3199 425 3266 alia
445 3200 617 3282 scriptura
632 3217 722 3282 quae
734 3206 817 3265 sunt
829 3199 924 3264 edita
938 3199 981 3264 de
995 3199 1062 3266 bec
1075 3206 1179 3264 terra.
1225 3201 1273 3266 Et

221 3300 305 3367 haec
334 3306 414 3366 ncta
440 3301 588 3366 suntab
617 3300 857 3366 incarnatione
879 3299 1008 3364 domini
1029 3300 1140 3365 nostri
1163 3299 1271 3365 lhesu

223 3400 352 3470 Christi
368 3449 376 3464 .
391 3416 577 3466 ncouvrur.
630 3399 826 3466 Indictione
839 3416 910 3466 xn.

276 3503 315 3584 ›1‹
333 3499 511 3584 Cyneuulf
520 3500 673 3584 regisffl.
711 3499 912 3566 Hereuuald
928 3498 1144 3583 episcopiffl.
1180 3499 1270 3566 Scil-

220 3601 296 3686 ling
308 3600 478 3686 presbiter
493 3601 549 3682 ᾖ.
595 3599 720 3668 Gerdic
733 3602 903 3686 presbiter
916 3606 952 3666 et
965 3600 1091 3666 caeteri
1104 3646 1112 3664 .
1129 3599 1185 3680 ᾖ.
