3188 5032
325 403 369 468 42
582 422 754 470 cunnrnn
777 421 1121 471 ANGLosAxochss.

378 578 417 643 Si
434 578 511 662 quis
534 578 623 646 hanc
645 582 867 648 donationem
895 582 1069 649 minuetur
1093 581 1182 647 sciat
1210 600 1247 645 se
1272 580 1384 645 reddi-

326 680 409 743 turir
437 680 633 747 rationein
662 683 718 748 die
747 684 876 762 iudicii,
906 692 942 749 et
969 692 1104 768 partem
1132 683 1206 746 eius
1238 701 1313 746 esse
1341 683 1384 747 cii

326 781 565 863 peccatoribus
595 791 730 850 etcum
759 784 849 849 Iuda
874 784 1053 866 traditore,
1078 784 1284 849 cruciniatus
1309 783 1384 846 sine

328 880 396 944 fine
410 881 447 944 in
461 881 597 947 inferno
611 903 689 948 cum
705 885 857 952 diabulo.

746 1165 967 1235 xxxvii.

420 1332 442 1376 ⁴·
464 1330 711 1397 wrnunnn
738 1331 802 1396 on
827 1332 979 1411 unua,
1003 1279 1289 1416 smyrnaeae.

382 1481 422 1563 ᾧ
439 1481 484 1545 IN
498 1482 635 1547 nomine
643 1481 773 1546 domini
782 1483 837 1547 dei
845 1483 1045 1550 saluatoris!
1067 1482 1143 1565 Ego
1154 1481 1378 1566 Uuythredus

328 1601 391 1646 rex
413 1581 571 1660 Cantiae,
587 1603 658 1648 una
675 1603 753 1648 cum
768 1584 915 1668 coniuge
931 1604 1010 1649 mea
1029 1583 1237 1668 Kynigytha
1250 1583 1381 1666 regina,

329 1682 480 1746 referens
504 1685 635 1765 gratias
653 1684 812 1768 largitori
834 1687 1003 1750 bonorum
1024 1686 1175 1763 domino,
1203 1685 1264 1768 qui
1294 1684 1380 1748 dila-

329 1783 419 1849 tauit
442 1784 606 1850 terminos
630 1792 768 1850 nostros
796 1787 898 1852 iuxta
922 1793 1104 1870 paternam
1126 1787 1381 1869 antiquitatem,
1445 1787 1450 1796 '

328 1883 366 1948 in
394 1903 574 1950 commune
602 1889 891 1968 pertrectauimus
921 1887 1073 1969 aliquam
1106 1895 1240 1970 partem
1269 1894 1381 1950 terrae

330 1985 428 2049 nobis
444 1985 590 2050 collatae
606 1986 650 2050 ad
664 1987 775 2052 uicem
794 1989 993 2072 rependere,
1008 2009 1052 2052 ne
1064 1989 1193 2070 ingrati
1206 1986 1380 2052 beneficiis

329 2085 523 2149 uideremur
551 2088 726 2170 largitoris
748 2090 870 2155 nostri.
923 2088 1004 2169 Qua
1026 2089 1069 2153 de
1092 2109 1140 2167 re,
1163 2108 1186 2152 a
1206 2087 1381 2172 praesenti

330 2186 429 2251 dieat
442 2193 608 2270 tempore,
626 2189 688 2252 tibi
697 2189 880 2272 religiosae
889 2189 1031 2255 Aebbae
1041 2190 1238 2254 abbatissae
1249 2189 1382 2271 deoque

330 2287 465 2352 dicatae
491 2286 650 2366 feminae,
679 2296 807 2355 terram
832 2290 917 2354 iuris
940 2290 1051 2356 nostri
1074 2290 1251 2374 quaesita
1273 2289 1381 2354 estin

329 2389 443 2453 insula
461 2387 643 2467 Thaeneti,
660 2409 750 2472 quae
770 2391 944 2474 quondam
959 2391 1137 2475 appellata
1151 2399 1204 2455 est
1220 2389 1381 2454 Human-

330 2487 405 2567 tsm,
423 2496 616 2554 aratrorum
630 2498 791 2572 quatuor,
806 2493 1015 2557 contulimus
1029 2492 1066 2556 in
1081 2499 1286 2575 perpetuum
1299 2509 1380 2574 pos-

329 2590 529 2670 sidendam;
553 2598 593 2655 ut
615 2610 693 2655 cnm
716 2593 874 2657 omnibus
896 2593 939 2658 ad
955 2592 1107 2657 eandem
1129 2592 1381 2676 pertinentibus

330 2692 451 2774 pratiS,
466 2692 608 2774 campiS,
624 2691 789 2771 fontanis
809 2692 982 2758 fontaneis
997 2693 1118 2777 syluis,
1132 2693 1300 2777 piscariiS,
1315 2693 1379 2756 flu-

330 2792 491 2869 minibus,
509 2793 668 2871 marisco,
691 2800 726 2859 et
749 2794 911 2878 quicquid
931 2794 976 2859 ad
999 2793 1232 2876 supradictam
1253 2800 1381 2858 terram

330 2892 492 2976 pertinet,
515 2911 537 2955 a
552 2899 702 2975 quatuor
714 2895 883 2978 partibus,
899 2894 1053 2974 orientis,
1068 2894 1267 2973 occidentia,
1282 2895 1381 2977 aqui-

330 2992 420 3056 lonis
445 2998 481 3056 et
505 2994 669 3072 meridiei,
690 3002 752 3059 tuo
774 2996 853 3059 usui
870 2995 1062 3078 ditionique
1079 2996 1241 3073 subicias,
1261 3002 1380 3060 teneas

330 3092 521 3176 possideasr,
546 3093 666 3173 donee,
695 3103 896 3174 commutes,
927 3096 1105 3161 uenundes
1131 3096 1188 3160 uel
1217 3095 1380 3179 quicquid

331 3192 456 3258 exinde
467 3193 580 3258 facere
594 3195 746 3261 uolueris
759 3196 903 3261 liberam
916 3196 1045 3261 habeas
1059 3203 1287 3280 potestatem
1302 3217 1381 3261 suo-

331 3313 552 3378 cessoresque
571 3297 623 3360 tui
636 3295 823 3362 defendant
840 3297 878 3360 in
894 3304 1097 3381 perpetuum
1110 3318 1118 3378 ;
1135 3318 1312 3381 nunquam
1327 3319 1380 3362 me

331 3394 563 3479 haeredesque
582 3416 677 3462 meos
695 3405 817 3463 contra
838 3398 927 3463 hano
950 3400 1119 3474 cartulam
1141 3399 1380 3483 descriptionis

330 3504 471 3562 nostrae
499 3498 686 3580 aliquando
714 3519 789 3563 esse
809 3507 996 3565 uenturos.
1047 3498 1105 3564 Ad
1135 3501 1232 3565 cuius
1261 3520 1379 3563 cumu-

330 3597 403 3662 lum
431 3599 536 3662 etiam
565 3597 814 3677 affirmationis
848 3601 1013 3684 cespitem
1036 3599 1138 3665 huius
1162 3601 1381 3684 supradictae

331 3706 444 3764 terrae
469 3718 573 3782 super
592 3707 751 3764 sanctum
777 3701 887 3766 altare
906 3702 1019 3786 posui,
1039 3708 1075 3765 et
1102 3703 1242 3785 propria
1263 3721 1380 3780 manu,

331 3820 395 3883 pro
417 3799 616 3882 ignorantia
637 3801 842 3879 litterarum,
873 3803 1010 3886 signum
1041 3809 1183 3867 sanotae
1212 3804 1322 3867 crucis
1343 3803 1380 3867 in

331 3900 396 3964 hac
411 3901 545 3965 cartula
560 3905 734 3984 expressi3
758 3903 818 3967 sed
835 3909 870 3966 et
885 3901 1104 3987 Kynygytha
1118 3903 1267 3987 idipsum
1289 3904 1381 3980 fecit,

330 4002 571 4085 principesque
593 4023 687 4068 meos
710 4012 750 4069 ut
770 4005 847 4088 pari
868 4004 970 4069 modo
991 4004 1139 4087 propriis
1154 4006 1311 4069 manibus
1329 4004 1380 4068 fa-

331 4109 448 4166 cerent
472 4104 605 4185 rogaui,
631 4125 777 4188 quorum
800 4106 941 4170 nomina
961 4106 1083 4170 subtus
1109 4113 1259 4170 annecta
1287 4113 1379 4170 sunt.

332 4201 369 4266 si
391 4204 481 4286 quis,
504 4205 595 4286 quod
618 4208 720 4285 absit,
744 4213 868 4273 eontra
890 4205 979 4272 hano
1001 4207 1171 4272 cartulam
1193 4226 1216 4271 a
1234 4227 1288 4271 me
1310 4206 1380 4271 fae-
