3112 5032
431 453 603 502 cHARTAE
625 449 968 500 nucnosnxorucnn.
1161 433 1228 498 207

171 611 264 675 fideli
276 611 423 695 principi
433 609 668 697 Aepelmundo
679 625 735 674 111.
749 614 905 672 cassatos
920 613 978 670 aet
990 605 1224 670 Huntenatun

170 712 358 776 liberaliter
378 712 421 776 ad
443 709 699 794 possidendum,
716 728 779 791 pro
797 708 971 790 ereptione
989 705 1226 789 peccaminum

172 831 337 890 meorum,
353 811 443 876 sicut
452 819 556 876 antea
565 809 699 875 Uhtred
715 815 750 871 et
761 805 893 871 Aldred
905 806 1129 870 Bcornhardo
1143 825 1226 869 con·
1306 877 1307 880 Ἴ

173 919 362 977 cesserunt.
415 912 461 976 Et
476 913 542 976 hoc
557 917 694 993 gestum
708 915 762 973 est
776 907 813 972 in
828 907 953 972 celebri
967 907 1046 970 uico
1061 907 1120 988 qui
1137 904 1229 968 Sax-

174 1013 272 1077 onice
284 1019 431 1076 uocatur
445 1020 502 1076 aet
517 1010 663 1088 Bahum,
678 1010 731 1073 his
746 1008 893 1072 testibus
907 1006 1229 1073 consentientibus·

231 1112 364 1194 >Elige
377 1112 561 1194 Ecgfridus
573 1132 637 1176 rex
659 1109 749 1173 hanc
771 1127 887 1172 meam.
902 1107 1123 1172 donatiouem
1146 1125 1230 1170 con-

176 1211 321 1276 firmaui.
372 1214 411 1294 >1⁴
429 1213 505 1295 Ego
521 1211 714 1276 Brihtricus
730 1228 805 1273 rex.
847 1210 887 1291 ›1‹
903 1209 979 1289 Ego
993 1206 1229 1293 Aehelhardus

176 1312 466 1395 archiepiscopus.
508 1312 547 1393 ›1‹
562 1313 640 1394 Ego
651 1306 836 1374 Heahored
851 1309 1045 1391 episcopus.
1095 1308 1135 1389 ›1‹
1152 1307 1230 1388 Ego

177 1411 309 1476 Eadulf
341 1413 484 1477 electus.
549 1411 686 1495 ›14Ego
723 1405 875 1474 Fortreu
912 1408 1032 1472 abhas.
1097 1407 1137 1488 ›1‹
1152 1406 1230 1487 Ego

177 1512 313 1577 Brorda
328 1514 500 1597 princeps.
557 1514 596 1595 ›1‹
612 1512 689 1594 Ego
702 1507 926 1593 Aehelmund.
983 1510 1025 1589 ›1‹
1040 1507 1117 1589 Ego
1137 1505 1230 1570 Ead-

179 1631 254 1694 gar.

611 1803 806 1875 ccxxi.1

517 1955 790 2036 nccrarru,
812 1955 889 2021 796.

235 2107 274 2188 ›1‹
295 2103 342 2169 IN
366 2105 504 2170 nomine
531 2105 661 2170 domini
687 2107 815 2172 nostri!
856 2106 934 2188 Ego
958 2105 1141 2188 Ecgsridus
1168 2104 1234 2172 deo

179 2205 330 2270 donante
345 2225 408 2270 rex
423 2205 644 2284 Marciorum,
659 2205 908 2284 Aehelmundo,
927 2226 1004 2270 meo
1024 2205 1117 2270 fideli
1137 2206 1233 2288 prin-

180 2306 260 2388 cipi,
274 2306 364 2370 hanc
378 2307 674 2388 praenominatam
699 2316 824 2372 terram
843 2313 913 2372 tres
928 2314 1095 2383 cassatos,
1120 2305 1155 2369 id
1180 2313 1235 2372 est

183 2404 353 2470 Huntena
370 2413 447 2484 tun,
461 2407 566 2470 etiam
583 2407 772 2472 liberaliter
789 2407 840 2472 illi
860 2407 954 2471 omni
975 2407 1025 2472 rei
1042 2413 1079 2470 et
1091 2405 1235 2474 firmiter

181 2506 226 2570 ad
241 2505 435 2572 habendum
449 2506 612 2585 concedo,
624 2507 874 2591 praereptione
888 2506 1123 2588 peccaminum
1140 2525 1234 2570 meo*

181 2623 258 2675 rum
281 2614 316 2670 et
336 2607 449 2674 salute
470 2607 605 2688 animae
628 2627 736 2675 meae.
789 2606 854 2684 Ac,
870 2606 961 2670 sicut
980 2613 1084 2670 antea
1103 2603 1235 2670 Aldred

182 2713 218 2770 et
232 2706 378 2782 Uhtred,
394 2706 569 2788 subreguli
585 2705 822 2786 Huicciorum,
837 2705 1081 2776 Beornhearde
1091 2724 1233 2770 conces-

184 2813 314 2882 serunt,
329 2807 379 2869 sic
392 2807 516 2870 iterum
530 2807 630 2889 plene
645 2809 890 2876 conscribimus
898 2806 966 2883 illi,
979 2827 1057 2870 cum
1076 2805 1237 2892 omnihus

182 2905 390 2972 utilitatibus
405 2925 494 2989 quae
510 2906 553 2970 ad
566 2908 659 2972 illius
679 2909 756 2990 agri
770 2908 941 2976 culturam
961 2906 1027 2970 rite
1047 2906 1238 2989 pertinent

185 3005 231 3070 Et
246 3005 311 3072 hoc
325 3013 460 3088 ¹gestum
472 3007 547 3071 est
537 3027 574 3071 m
587 3007 720 3072 celebre
735 3007 945 3072 monasterio
956 3006 1049 3089 quod
1064 3005 1236 3075 aaronica

184 3095 380 3171 nominatur
393 3114 451 3171 aet
465 3105 658 3171 Babun.E
627 3107 738 3173 Ethii
752 3115 861 3174 testes
879 3106 1076 3186 adsuerunt,
1088 3126 1237 3223 quorum

185 3204 241 3270 hic
255 3207 396 3272 nomina
411 3213 446 3270 et
461 3207 561 3289 signa
575 3213 748 3274 tenentur

239 3308 279 3389 ›1‹
299 3306 376 3389 Ego
397 3306 591 3388 Ecglridus,
605 3328 668 3372 rex
683 3307 903 3384 Merciorum,
925 3306 1016 3371 hanc
1033 3324 1145 3372 meam
1167 3259 1237 3370 ele·

184 3406 352 3474 mosinam
381 3407 481 3488 signo
509 3407 620 3473 crucis
650 3407 780 3473 Christi
809 3405 1027 3472 confirmabo.
1095 3407 1135 3489 ›1‹
1161 3405 1239 3487 Ego

186 3506 357 3585 Berhtric‚
385 3527 449 3572 rex
475 3507 750 3574 Occidentalium
778 3505 969 3582 Saxonum,
999 3504 1099 3586 signo
1126 3504 1238 3572 crucis

188 3604 318 3672 Christi
353 3608 483 3672 munio.
546 3608 680 3691 ›14Ego
717 3603 929 3672 Aehelheard
961 3603 1239 3687 archiepiscopus

187 3707 359 3789 consigno
379 3713 415 3772 et
437 3708 626 3774 subscribo.
684 3710 724 3791 ›1‹
745 3708 822 3789 Ego
846 3703 1030 3771 Heahored
1057 3704 1240 3788 episcopus

187 3808 346 3872 consensi
371 3815 406 3871 et
428 3808 626 3893 subscripsi.
675 3805 987 3890 ›1⁴EgoEaduull
1004 3803 1134 3876 electus
1157 3813 1240 3868 οόιι-

187 3907 280 3970 sensi
303 3914 339 3972 et
359 3908 557 3992 subscripsi.
615 3910 654 3991 ›1‹
675 3908 752 3990 Ego
770 3905 921 3972 Forhred
945 3906 1054 3972 abhas
1068 3905 1239 3974 consensi,

194 4007 402 4089 ›11Brorda
458 4009 498 4090 ›1‹
521 4006 746 4074 Aehelmund.
804 4010 843 4091 ›1‹
865 4005 1048 4088 Eadgar.

223 4145 305 4197 ¹This
293 4162 422 4210 appears
433 4149 546 4199 tob
505 4151 666 4212 neerlyaco
637 4166 753 4214 corepy
726 4151 817 4201 remler
839 4146 1006 4202 itdeslrahle
1034 4153 1060 4198 to
1088 4148 1156 4211 print
1182 4147 1243 4197 both

188 4219 217 4268 of
231 4219 273 4268 the
293 4233 362 4268 same
379 4223 453 4280 grant
474 4233 504 4268 as
520 4220 563 4270 the
574 4221 640 4283 last,
658 4222 704 4270 but
728 4223 817 4274 entire.

189 4289 252 4338 with
274 4288 433 4339 remarkable
452 4290 598 4353 venatione,
620 4291 705 4342 which
