3172 5030
317 387 359 452 10
573 403 745 454 canaria
768 403 1106 453 nuouosnxourcnu.

318 561 504 627 AEadbaldi
537 563 673 646 copula,
700 562 831 627 uexillo
862 562 1059 627 adorandae
1082 562 1194 626 crucis
1223 563 1368 627 armani.

318 659 357 740 »14
382 661 458 745 Ego
482 663 638 728 Mellitus
658 662 860 729 Lundoniae
885 665 1079 746 episcopus,
1102 664 1202 746 signo
1228 672 1369 728 sanctae

317 763 428 827 crucis
451 783 540 848 quae
569 765 641 829 uidi
670 765 849 847 astipulor.
897 759 1030 847 >1⁴Ego
1061 765 1180 830 Iustus
1205 764 1369 829 Rolensis

318 865 511 948 episcopus,
525 866 628 931 laudo
639 872 674 929 et
688 867 876 932 subscribo.
905 867 944 948 »14
965 867 1042 948 Ego
1057 865 1253 949 Egberhtus
1268 867 1368 948 signo

318 966 429 1030 crucis
443 967 590 1031 libenter
599 967 793 1033 corroboro.
831 975 871 1056 *l*
884 968 961 1051 Ego
971 966 1252 1045 Ercumberhtus,
1262 974 1369 1031 attes-

317 1074 414 1133 tante
433 1068 650 1150 uenerandac
674 1062 877 1151 >1⁴[signo],
899 1075 1080 1150 gratanter
1101 1068 1265 1145 concedo,
1286 1087 1368 1133 con-

316 1173 427 1233 testor
438 1176 474 1233 et
489 1170 677 1235 subscribo.
717 1163 756 1244 »14
774 1170 850 1252 Ego
866 1169 1086 1234 Suebhardus
1109 1170 1280 1234 consensi.
1323 1169 1362 1250 »14

317 1267 394 1350 Ego
409 1267 612 1334 Guthardus
626 1271 815 1336 subscribo.

367 1369 496 1435 Actum
521 1378 575 1436 est
597 1379 712 1437 autem
736 1392 827 1437 anno
853 1372 897 1436 ab
919 1371 1161 1436 incarnacione
1184 1370 1370 1435 saluatoris

318 1471 428 1535 nostri
460 1471 541 1536 Iesu
572 1471 700 1538 Christi
731 1473 983 1538 sexcentesimo
1014 1471 1286 1548 octauodecimo,
1315 1472 1369 1535 iu-

316 1571 467 1636 dictione
481 1580 593 1637 sexta.

780 1693 901 1706 μ

795 1797 886 1863 VII.

417 1956 438 1999 *
462 1955 843 2024 COENUUEALHA
868 1957 931 2023 OF
955 1955 1174 2033 WESSEX,
1196 1955 1274 2020 670.

376 2132 415 2213 »14
443 2131 648 2196 Ruenanru
679 2151 719 2196 ac
746 2132 961 2214 gubernante
989 2149 1052 2194 nos
1081 2127 1219 2193 domino
1250 2136 1369 2192 nostro

321 2231 403 2296 Iesu
423 2231 594 2297 2Christ0!
664 2231 783 2297 Nichil
808 2232 987 2297 intulimus
1013 2232 1049 2294 in
1075 2231 1166 2294 hunc
1192 2230 1369 2307 mundum,

320 2354 439 2398 uerum
460 2355 523 2398 nec
543 2333 676 2397 auferre
698 2333 781 2416 quid
803 2352 1005 2417 possumus3
1029 2332 1106 2396 ideo
1129 2331 1274 2395 terrenis
1290 2350 1368 2395 coe·

319 2435 421 2499 lestia
444 2443 478 2499 et
502 2435 640 2499 caducis
665 2443 806 2500 aeterna
828 2434 1013 2498 mercanda
1034 2440 1134 2513 sunt3
1160 2437 1371 2515 quapropter

320 2556 385 2618 ego
405 2529 606 2600 Ceduualla¹
631 2543 758 2600 terram
782 2555 870 2619 quae
888 2535 1013 2599 dicitur
1030 2533 1242 2610 Ferramem,
1263 2551 1369 2596 unum

320 2645 506 2714 cassatum,
516 2636 776 2701 Beorhtuualdo
792 2636 909 2700 abbati
923 2635 1070 2699 libenter
1085 2635 1225 2716 largior,
1236 2653 1370 2697 necnon

320 2737 407 2802 duas
428 2758 556 2821 paruas
579 2739 722 2818 insulas,¹
742 2738 806 2802 hoe
829 2746 882 2802 est
903 2756 981 2801 cum
1004 2742 1149 2818 captura
1165 2735 1311 2818 piscium
1333 2735 1370 2797 in

320 2844 467 2921 utraque
492 2846 591 2921 parte
620 2841 747 2922 stagni,
773 2859 851 2904 cum
873 2837 1069 2920 paludibus
1097 2837 1206 2914 siluis,
1232 2835 1370 2919 pascuis

320 2938 448 3020 apium,
471 2947 506 3003 et
535 2939 692 3004 omnibus
717 2941 761 3004 ad
785 2960 822 3004 se
847 2938 1111 3022 pertinentibus
1140 2937 1229 3001 dabo
1259 2937 1302 3014 ei,
1332 2942 1371 2999 ut

320 3035 450 3103 habeat
475 3040 594 3104 diebus
619 3041 713 3105 uitae
735 3060 830 3120 suae,
856 3047 892 3105 et
914 3045 995 3122 post
1017 3039 1148 3102 obitum
1172 3057 1272 3101 suum
1297 3037 1370 3100 cui·

320 3159 466 3222 cumque
494 3141 647 3220 uoluerit
663 3142 890 3225 derelinquat.
944 3139 1251 3204 Corroborauimus
1266 3158 1370 3217 nunc,

320 3242 499 3324 crucisque
514 3242 614 3324 signo
628 3243 829 3308 confirmato
851 3241 916 3306 hoc
940 3242 1143 3306 donatiuum
1163 3240 1279 3304 stabili
1297 3239 1370 3302 iure

320 3335 459 3426 gratum
474 3350 510 3408 et
524 3351 637 3408 ratum
656 3344 801 3408 decerno
819 3344 944 3408 durare
967 3342 1130 3426 quamdiu
1145 3342 1278 3418 uixero,
1300 3341 1372 3423 poli

320 3451 431 3508 terras
446 3453 551 3528 atque
573 3464 724 3527 aequora
745 3445 837 3509 circa
858 3440 1000 3508 aethera
1013 3443 1161 3506 siderum
1183 3443 1277 3506 iusso
1298 3461 1370 3505 mo-

321 3546 495 3610 deramine
526 3546 655 3610 uoluet.
707 3545 745 3610 Si
767 3547 844 3629 quis
867 3553 983 3609 autem
1012 3545 1108 3607 nisus
1137 3541 1241 3607 fuerit
1268 3541 1371 3606 huius

320 3667 417 3711 meae
439 3647 639 3712 donacionis
652 3654 897 3711 testamentum
914 3645 1130 3727 confringere
1146 3652 1207 3709 aut
1223 3643 1372 3707 adimere
1489 3713 1495 3722 .

321 3755 478 3826 conatur,
500 3748 574 3831 ipse
597 3748 709 3811 acrius
731 3748 898 3814 multatus
930 3749 975 3811 sit
999 3745 1178 3810 infernalis
1206 3744 1373 3828 ergastuli

321 3867 434 3930 poena
460 3849 646 3928 demersuS,
671 3869 774 3932 quam
805 3869 846 3913 eo
873 3849 1017 3913 daemon
1042 3848 1099 3910 uel
1120 3847 1185 3910 diis
1206 3847 1372 3929 dampna-

322 3955 435 4014 torum
451 3951 600 4033 parauit.

323 4149 437 4273 cange
453 4151 551 4270 οιῖργίεϊ
565 4152 611 4202 has
625 4153 751 4202 mistaken
763 4151 944 4202 Coenuuealha
958 4150 996 4199 sor
1007 4149 1049 4201 the
1060 4164 1128 4199 more
1139 4149 1239 4199 famous
1251 4149 1298 4198 but
1308 4147 1374 4198 later

395 4235 462 4272 uuea
489 4237 513 4272 a.
