3112 5032
298 434 363 500 204
554 417 727 496 circumc
753 447 1093 496 sucnossxonrcnn.

299 619 379 670 cum
402 607 583 671 fallacibus
606 608 706 671 istius
729 605 890 689 lugubris¹
908 604 1027 669 mundi
1050 601 1255 669 substantiis
1268 622 1359 686 quae

297 707 418 772 omnia
430 707 520 771 sicut
539 710 660 771 umbra
675 714 899 784 euanescuut,
915 714 1077 770 aeternae
1095 707 1191 768 uitae
1204 704 1359 786 praemia

300 809 485 872 mercanda
500 815 594 871 sunt.
647 806 728 886 Qua
750 813 893 890 propter
915 826 980 888 ego
996 805 1075 868 Offa
1090 825 1153 870 rex
1168 824 1189 867 a
1204 823 1286 885 rege
1301 823 1358 866 re-

298 926 384 988 gum
399 909 620 984 constitutus
634 915 763 971 terram
786 923 854 969 1111.
878 912 1093 970 cassatorum
1118 905 1155 968 in
1177 905 1359 987 prouincia

302 1006 541 1086 Huieciorum,
564 1008 623 1071 ubi
644 1008 842 1072 nominatur
862 1006 1076 1087 Uuestburg,
1098 1024 1206 1088 prope
1228 1004 1359 1068 flumen

302 1107 361 1189 qui
376 1108 503 1171 dicitur
516 1106 629 1184 Auen,
646 1104 883 1171 Aebelmundo
897 1106 989 1170 fideli
1009 1125 1085 1170 meo
1105 1106 1275 1182 ministro,
1291 1107 1357 1186 p'ro

301 1203 477 1290 ereptione
501 1208 636 1271 animae
658 1227 768 1284 meae,
789 1207 826 1271 in
848 1206 1042 1271 libertatem
1064 1212 1268 1288 perpetuam
1289 1206 1356 1268 sub

302 1306 367 1371 bac
390 1307 587 1372 conditione
608 1308 718 1371 libens
738 1306 909 1386 coneed03
936 1306 987 1370 ita
1001 1313 1041 1369 ut
1056 1306 1100 1369 ab
1116 1306 1209 1368 omni
1225 1305 1357 1368 tributo

302 1427 412 1491 paruo
424 1409 481 1471 uel
497 1408 638 1486 maiore,
652 1405 874 1491 puplicalium
895 1425 1021 1483 rerum,
1035 1411 1071 1469 et
1086 1424 1108 1468 a
1123 1405 1256 1469 eunctis
1272 1423 1358 1487 ope-

302 1508 396 1570 ribus
419 1507 476 1571 uel
500 1509 592 1588 regis
619 1508 675 1572 uel
704 1507 869 1591 principis
894 1507 940 1570 sit
960 1507 1213 1588 imperpetuum
1235 1505 1358 1582 libera,

301 1614 418 1688 preter
439 1607 750 1690 expeditionalibus
771 1607 884 1670 causis
900 1613 935 1671 et
952 1607 1110 1688 pontium
1132 1605 1359 1669 structionem

300 1714 336 1771 et
350 1707 480 1770 arcium
499 1707 760 1785 munimentum,
774 1707 866 1789 quod
880 1707 973 1770 omni
992 1707 1121 1789 populo
1138 1724 1278 1769 necesse
1298 1711 1356 1768 est

302 1825 417 1887 agere,
445 1811 550 1889 atque
579 1809 623 1871 ab
654 1827 695 1871 eo
724 1827 827 1890 opere
863 1807 996 1869 nullum
1033 1813 1237 1870 excusatum
1266 1823 1357 1869 esse.

302 1905 440 1988 Scripta
462 1913 515 1971 est
533 1915 650 1971 autem
671 1906 757 1971 baec
778 1906 949 1970 libertatis
971 1905 1106 1970 cartula
1127 1907 1171 1970 ab
1190 1905 1355 1968 uniuerso

303 2005 449 2069 concilio
476 2007 635 2089 synodali
657 2008 694 2070 in
719 2008 796 2071 loeo
828 2005 1029 2070 celeberimo
1053 2007 1112 2088 qui
1134 2013 1358 2088 nuncupatur

303 2105 419 2174 Closes
434 2107 530 2172 boas,
563 2106 720 2186 Quorum
734 2107 835 2189 signa
847 2113 882 2170 et
896 2106 1036 2170 nomina
1045 2105 1136 2168 infra
1149 2112 1321 2169 tenentur.

357 2207 396 2288 »14
416 2206 492 2290 Ego
505 2206 584 2271 Offa
596 2227 659 2271 rex
674 2207 729 2272 dei
744 2207 835 2272 dono
851 2207 1025 2289 propriam
1042 2205 1238 2270 donationis
1251 2205 1358 2270 liber-

300 2313 409 2371 tatem
423 2307 524 2391 signo
538 2315 680 2372 sanctae
694 2308 805 2372 erucis
819 2306 995 2371 confirmo.
1051 2307 1092 2388 »14
1108 2305 1185 2387 Ego
1195 2291 1356 2387 Ecgserii,

301 2406 392 2470 filius
415 2409 520 2491 regis,
547 2409 715 2473 consensi.
773 2408 812 2489 »14
829 2407 974 2487 Signum
1000 2405 1218 2488 Hygeberbti
1242 2405 1360 2468 arehi-

301 2507 467 2594 episcopi.
526 2509 565 2590 »14
586 2509 731 2590 Signum
755 2506 900 2571 Ceolulfi
924 2506 1085 2589 episcopi.
1151 2506 1191 2587 »14
1208 2505 1356 2587 Signum

260 2685 262 2692 Α
301 2605 527 2672 Aebelbeardi
564 2607 824 2691 archiepiscopi.
902 2607 942 2688 »14
972 2605 1117 2689 Signum
1156 2603 1358 2670 Heaboredi

300 2706 464 2790 episcopi.
521 2710 560 2791 »14
575 2707 720 2790 Signum
736 2709 911 2773 Unuuona
925 2706 1091 2789 episcopi.
1146 2707 1185 2787 »14
1206 2706 1355 2787 Signum

302 2805 512 2889 Gyneberhti
533 2808 696 2891 episcopi.
754 2808 792 2888 »14
812 2807 957 2889 Signum
981 2803 1165 2870 Deueferbi
1187 2806 1355 2888 episcopi.

305 2907 345 2988 »14
360 2906 504 2990 Signum
514 2907 718 2972 Ceolmundi
732 2907 896 2990 episcopi.
937 2908 977 2989 »14
991 2907 1136 2988 Signum
1148 2903 1354 2970 Coenuualb

301 3008 464 3091 episcopi.
522 3010 561 3090 »14
575 3009 720 3091 Signum
752 3007 967 3072 Uuermundi
996 3005 1162 3089 episcopi.
1217 3005 1354 3087 ›1⁴Sig-

302 3126 384 3170 num
396 3104 587 3172 Albbeardi
601 3109 764 3194 episcopi.
794 3108 834 3189 »14
850 3108 994 3190 Signum
1005 3105 1194 3170 Albmundi
1206 3106 1354 3186 abbatis

307 3206 506 3302 fflSignum
531 3209 676 3274 Beonna
708 3209 857 3272 abbatis.
913 3209 952 3290 »14
969 3207 1112 3289 Signum
1139 3205 1355 3288 Uuigmundi

304 3308 450 3374 abbatis.

725 3601 945 3670 CLXVIII.

631 3765 634 3772 '
716 3752 860 3831 OFFA,
882 3751 959 3816 796.

357 3901 564 3986 »141Νῐνίῃο
587 3901 724 3966 nomine
744 3900 937 3964 diuinitatis
956 3899 1175 3964 indiuiduas!
1215 3899 1313 3963 Iuste
1333 3918 1355 3962 a

299 4005 399 4069 nobis
424 4001 563 4085 pietatis
586 4021 692 4086 opera
715 4000 944 4084 persoluenda
969 4007 1063 4064 sunt.
1128 3998 1261 4064 Iccirco
1288 4019 1356 4080 ego

302 4103 393 4180 Offa,
413 4103 490 4186 ipso
512 4103 666 4187 piissimo
680 4102 946 4186 praeordinante
962 4099 1027 4164 deo
1053 4119 1116 4163 rex
1133 4099 1356 4177 Mereiorum,

300 4210 443 4284 rogatus
459 4223 480 4268 a
494 4203 683 4286 uenerabili
699 4202 816 4268 abbati
831 4221 908 4267 meo
925 4200 1064 4266 nomine
1080 4199 1187 4279 Fusa,
1201 4200 1304 4264 simul
1319 4205 1356 4263 et
