3112 5032
444 403 617 452 onnnrnn
639 401 987 451 nucuosnxourcnns
1173 385 1238 450 231

187 563 227 642 ›1‹
241 557 503 635 Aedelbeardus
513 561 628 644 gratia
643 561 698 625 dei
718 560 995 643 archiepiscopus
1005 563 1177 636 ,consensi
1199 571 1236 627 et

181 661 378 742 subscripsi.
436 663 476 743 ›1‹
489 658 605 724 Adulf
613 662 795 743 episcopus
810 663 968 736 consensi
983 670 1019 726 et
1033 664 1230 744 subscripsi.

188 762 227 842 ›1‹
242 761 466 826 Daeueberht
479 762 661 844 episcopus
675 761 835 826 consensi
848 769 884 826 et
897 763 1093 845 subscripsi.

652 935 774 948 —

424 1029 447 1140 s
517 1043 520 1046 ’
552 1023 845 1140 ,ομΧΧΧΙΧ

460 1201 854 1284 Anrnnnnnnnn,
876 1205 949 1270 sos.

358 1353 435 1417 Eoo
458 1352 694 1440 aedilheardus
708 1355 1002 1438 ⁴metropolitanae
1025 1354 1177 1422 ciuitatis
1196 1359 1232 1421 in

185 1347 287 1604 {P
305 1453 511 1518 dorobernia
519 1455 578 1517 arii
589 1455 661 1538 epis
672 1475 735 1540 pro
747 1471 862 1530 amore
871 1454 929 1518 diii
938 1457 973 1518 ni
981 1453 1041 1518 inu
1051 1455 1111 1542 xpi
1123 1465 1158 1522 et
1168 1478 1231 1540 pro

306 1555 523 1619 absolutione
536 1555 655 1618 meorii
670 1554 814 1619 criminii
828 1561 956 1636 terram
974 1563 1140 1637 quattuor
1154 1577 1230 1622 ara-

183 1655 253 1718 troi
267 1654 406 1718 nomine
417 1661 474 1718 aet
487 1655 622 1718 burnan
632 1654 669 1716 in
680 1653 884 1719 occidentali
895 1662 992 1736 parte
1007 1657 1229 1721 beorabames

184 1755 263 1819 siae
288 1752 439 1818 familiae
468 1753 632 1818 ecclesiae
659 1751 720 1841 xpi
745 1754 781 1816 in
810 1753 950 1836 proprii
977 1757 1230 1837 possessionem

182 1854 318 1918 donabo
350 1862 386 1918 et
419 1855 560 1918 obsecro
590 1854 627 1917 in
649 1854 786 1918 nomine
816 1854 874 1918 diri
902 1874 1021 1918 omnes
1049 1856 1230 1937 pontifices

183 1955 261 2018 nios
284 1972 510 2018 successores
533 1958 573 2017 ut
602 1973 702 2017 omne
726 1954 854 2018 bonnm
880 1956 972 2036 quod
996 1955 1034 2018 in
1056 1955 1117 2020 illa
1138 1963 1231 2020 terra

181 2054 391 2118 lucrificetur
411 2053 536 2117 fratres
558 2053 624 2116 sibi
646 2054 868 2136 singulariter
890 2054 933 2117 ad
956 2075 1110 2119 mensam
1129 2074 1228 2120 suam

181 2153 392 2218 habeantet
421 2153 466 2217 ad
482 2153 640 2244 ‘alteram
669 2155 873 2218 necessitate
900 2153 1030 2219 saciant
1060 2159 1130 2240 qua
1159 2157 1228 2219 illis

181 2254 274 2319 bona
297 2260 333 2317 et
355 2260 548 2336 spontanea
571 2253 751 2317 uoluntate
773 2254 923 2317 maxime
949 2254 1033 2317 utile
1057 2255 1227 2319 uideatur.

182 2351 536 2440 Hancfinominatam
553 2359 682 2422 terram
695 2352 836 2434 quidam
849 2353 951 2422 homo
965 2354 1075 2418 bonus
1091 2356 1228 2419 nomine

181 2452 310 2521 aldhun
323 2455 383 2536 qui
396 2454 434 2517 in
451 2453 522 2524 bac.
540 2451 756 2535 regaliuilla
769 2451 935 2521 inlustris
955 2453 1106 2522 ciuitatis
1128 2473 1228 2536 prae-

181 2554 292 2624 fectus
306 2553 372 2620 fuit
386 2574 448 2637 pro
463 2553 592 2624 intuitu
608 2559 769 2618 aeternae
790 2553 956 2624 mercedis
977 2553 1142 2635 fratribus
1158 2555 1228 2620 niis

180 2655 225 2724 ad
240 2673 395 2722 mensam
408 2652 550 2722 tradidit
565 2700 573 2715 .
588 2652 652 2742 sed
664 2654 737 2724 sta
757 2653 903 2726 ecclesia
923 2650 984 2740 xpi
1008 2654 1084 2722 sine
1106 2673 1227 2719 norma

179 2754 332 2842 iustitiae
354 2773 431 2822 cum
454 2754 645 2836 rapacitate
657 2754 841 2822 cuiusdam
857 2754 956 2834 regis
971 2753 1022 2819 de
1049 2772 1114 2822 sua
1135 2761 1228 2818 terra

179 2855 384 2938 priuataest
398 2861 434 2918 et
446 2854 715 2924 nossuxiliante
728 2854 796 2917 diro
813 2854 939 2919 iterum
956 2853 1056 2924 illam
1078 2853 1171 2917 iusto
1193 2861 1229 2918 et

179 2953 339 3042 synodali
351 2953 478 3019 indicio
490 2953 758 3023 restituerehuic
768 2955 848 3024 scae
858 2952 1009 3024 ,familiae
1020 2953 1228 3018 curauimus.

180 3073 343 3136 rogamus
363 3053 468 3121 etiam
491 3055 619 3122 amicos
642 3054 724 3122 nios
747 3054 862 3122 idest
886 3072 984 3135 reges
998 3060 1033 3118 et
1048 3053 1229 3136 pontifices

180 3163 347 3224 etomnes
362 3155 423 3236 qni
442 3162 649 3237 potestatem
670 3155 708 3222 in
727 3154 793 3222 hac
815 3154 996 3236 prouincia
1011 3153 1172 3221 habeant.
1187 3159 1227 3217 ut
1306 3225 1308 3230 ,

178 3274 313 3337 semper
326 3273 454 3336 augere
467 3253 521 3324 bis
533 3253 697 3324 fratribus
712 3255 784 3317 etii
802 3253 956 3322 minuere
977 3272 1078 3324 sunm
1099 3254 1228 3318 bonum

179 3353 883 3436 dignentur.etcertecredirnuseomagis
891 3351 1227 3436 dmomnipotentem

180 3455 249 3521 illis
264 3473 393 3536 augere
407 3461 548 3522 aeterna
560 3454 652 3520 hona
665 3455 702 3519 in
713 3453 908 3522 caelestibus
922 3453 1047 3534 regnis.

231 3557 312 3618 actii
334 3554 400 3620 fuit
422 3601 429 3616 .
454 3569 576 3618 ncccv.
599 3571 689 3618 anno
711 3546 897 3617 incarnai.
925 3549 986 3638 xpi
1008 3567 1091 3615 xur.
1120 3550 1229 3616 indic-

184 3655 288 3730 tione.
337 3711 340 3714 .
464 3705 466 3714 .
545 3708 551 3722 ,,

231 3754 338 3840 testiri
352 3752 492 3817 nomina
506 3750 562 3816 hic
571 3750 663 3816 infra
678 3757 845 3822 caraxata
859 3758 949 3820 sunt.

183 3915 210 3924 ,,
236 3856 275 3936 ›1‹
290 3853 367 3934 Ego
391 3850 585 3918 aedilbeard
611 3853 671 3916 ard
695 3848 750 3937 epi
771 3870 849 3914 curn
876 3851 1006 3916 uexillo
1031 3849 1143 3913 crucis
1169 3845 1230 3936 xpi

182 3954 349 4019 confirma
424 4017 425 4020 ,
1020 4015 1023 4018 .
1192 4000 1194 4005 -

236 4056 355 4136 ›14ego
383 4052 562 4117 biornmod
581 4049 636 4140 epi
664 4050 859 4133 subscripsi.
928 4047 1110 4131 ›14eanred
1136 4068 1229 4134 ppos

187 4156 227 4236 ›1‹
243 4153 431 4220 biornhard
444 4151 537 4241 ppei.
