3134 5030
356 400 422 470 306
610 421 782 470 cunnrnn
805 421 1146 471 nncmsnxomonn.

357 583 507 658 quatuor
519 587 698 644 carucatas
713 585 826 657 terrae
848 578 1001 656 arabilis,
1012 577 1228 643 continentes
1242 579 1279 644 in
1294 577 1410 659 longi-

359 677 479 742 tudine
504 688 583 744 octo
602 687 845 763 quarantenae,
859 686 896 744 et
914 686 993 744 octo
1015 685 1248 760 quarentenas
1270 678 1307 741 in
1328 678 1411 741 lati·

361 776 492 855 tudine,
515 786 769 844 amatores
790 779 895 861 prati,
909 786 945 843 et
958 779 1142 843 mariscum
1164 780 1345 842 continens
1371 777 1411 840 in

361 876 579 958 longitudine
602 896 681 944 xvi.
705 887 950 961 quarantenae,
970 886 1006 942 et
1021 895 1101 942 vm.
1121 886 1352 960 quarantenae
1373 877 1412 938 in

363 975 557 1055 latitudine,
578 985 614 1044 et
635 979 837 1044 aecclesiam
858 979 1010 1042 eiusdem
1032 977 1148 1055 uillae,
1162 985 1198 1042 et
1213 997 1320 1041 unum
1335 995 1411 1039 mo-

362 1075 550 1156 lendinum,
577 1085 613 1142 et
638 1079 817 1142 dimidium
842 1078 985 1145 alterius
1013 1077 1212 1154 molendini,
1239 1085 1275 1141 et
1300 1083 1413 1140 totam

364 1176 547 1257 piscariam
567 1177 604 1241 in
627 1197 720 1262 aqua
744 1197 769 1241 a
789 1177 986 1242 molendino
1016 1195 1138 1241 uersus
1168 1177 1330 1240 occidens
1351 1194 1412 1238 us-

365 1295 432 1356 que
454 1276 499 1340 ad
524 1277 628 1341 finem
650 1278 803 1342 eiusdem
824 1278 962 1341 marisci
986 1277 1138 1350 eiusdem
1163 1277 1267 1340 uillae
1289 1294 1413 1339 uersus

364 1375 542 1440 orientem.
595 1376 686 1441 Item
700 1377 827 1441 donum
847 1376 999 1440 eiusdem
1011 1374 1137 1457 Algari
1155 1375 1273 1440 militis
1286 1376 1324 1438 in
1339 1375 1413 1438 Re-

364 1476 527 1556 pyngale,
558 1477 625 1540 uia
653 1483 724 1540 tres
754 1483 935 1540 carucatas
968 1484 1081 1539 terrae
1107 1475 1258 1552 arabilis,
1287 1483 1324 1538 et
1349 1491 1413 1537 xc.

366 1591 465 1638 acras
486 1576 589 1656 preti.
640 1574 731 1647 Item
751 1576 880 1639 donum
906 1575 1101 1639 Nomanni
1122 1575 1295 1657 quondam
1320 1575 1414 1637 uice·

366 1672 503 1738 comitis
531 1675 568 1738 in
591 1674 718 1738 Sutton
739 1675 842 1738 iuxta
870 1675 1102 1751 Bosuuorthe,
1123 1674 1215 1739 duas
1233 1680 1415 1752 cernentes

365 1778 491 1848 terrae,
510 1780 545 1837 et
558 1793 664 1837 unum
678 1773 911 1838 molendinum
924 1775 1140 1838 uentricium.
1185 1775 1275 1838 Item
1285 1773 1415 1838 donum

367 1871 520 1936 eiusdem
536 1871 730 1936 Normanni
743 1873 780 1935 in
791 1873 977 1955 Stapilton,
992 1874 1059 1936 uiz.
1074 1874 1263 1937 manerium
1278 1881 1314 1937 et
1328 1873 1415 1936 duas

367 1977 549 2035 carucatas
561 1979 685 2036 terrae.
738 1971 828 2036 Item
842 1972 970 2036 donum
984 1973 1138 2036 eiusdem
1148 1972 1185 2035 in
1200 1973 1336 2054 Badby‚
1346 1973 1413 2035 uir.

368 2077 519 2152 quatuor
538 2069 638 2135 hidas
661 2077 774 2135 terrae
799 2092 877 2136 cum
896 2071 1116 2154 appendiciis
1170 2072 1261 2136 Item
1286 2071 1414 2135 donum

368 2168 499 2236 domini
513 2167 637 2252 Algari
658 2172 793 2234 comitis
814 2171 851 2234 iu
867 2170 1059 2248 Holbecke,
1085 2178 1121 2236 et
1142 2172 1179 2234 in
1204 2171 1415 2254 Gappelnde,

369 2269 434 2336 uir.
458 2276 607 2350 quatuor
627 2277 821 2347 carucatas,
846 2278 882 2334 et
903 2290 967 2334 sex
990 2272 1149 2347 boantes,
1168 2277 1204 2334 et
1225 2271 1415 2334 octodecim

368 2387 468 2434 acras
496 2370 589 2450 prati
615 2376 651 2433 et
678 2371 875 2436 mariscum.
925 2370 1018 2434 Item
1043 2371 1171 2435 donum
1200 2370 1351 2434 eiusdem
1379 2373 1416 2435 in

369 2468 455 2534 uilla
480 2487 545 2532 sua
573 2469 615 2532 de
644 2468 868 2552 Spaldelyng,
895 2470 960 2532 uiz.
984 2477 1055 2534 tres
1083 2477 1264 2534 carucatas
1290 2477 1415 2534 terrae.

369 2567 480 2649 [Item
494 2569 622 2632 donum
641 2569 793 2634 eiusdem
806 2569 843 2633 in
857 2571 943 2634 uilla
964 2590 1029 2634 sua
1049 2570 1091 2634 de
1109 2568 1307 2654 Pyncebelr,
1319 2569 1418 2633 uide-

368 2666 451 2732 licet
473 2687 577 2732 unam
603 2677 802 2733 carucatam
825 2678 949 2734 terrae.
1001 2669 1091 2734 Item
1114 2670 1241 2734 donum
1264 2670 1417 2732 eiusdem

370 2765 408 2830 in
437 2764 649 2849 Algarkirke
675 2768 761 2832 uilla
788 2788 864 2844 sua,
891 2770 1052 2833 uidelicet
1081 2770 1239 2833 undecim
1270 2770 1417 2833 bouatas

372 2872 506 2930 terrae:
541 2873 576 2930 et
603 2867 639 2930 in
666 2868 831 2950 parochia
858 2868 901 2932 de
932 2868 1111 2933 Sutterton
1139 2876 1210 2932 tres
1235 2877 1417 2933 carucatas

372 2971 487 3042 terrae,
501 2972 537 3029 et
550 2968 838 3044 unambouatam,
853 2975 890 3031 et
904 2985 1121 3032 xxv1.acras
1135 2962 1266 3050 prati,]¹
1281 2975 1317 3032 et
1331 2988 1418 3050 que·

371 3071 452 3130 tuor
465 3064 594 3132 salinas
609 3085 687 3129 cum
698 3067 865 3132 aecclesia
879 3067 1031 3132 eiusdem
1043 3068 1158 3132 uillae.
1190 3067 1419 3131 Itemdonum

374 3161 499 3226 Osuuii
522 3164 641 3230 militis
661 3166 703 3229 in
718 3167 912 3249 Draytona,
939 3168 1006 3232 uia.
1021 3175 1102 3231 octo
1122 3167 1221 3233 hidas
1244 3175 1356 3231 terrae
1382 3175 1418 3231 at

372 3270 522 3346 quatuor
536 3265 693 3346 uirgatae
712 3273 748 3330 et
762 3266 963 3330 aecclesiam
985 3266 1136 3331 eiusdem
1159 3266 1274 3332 uillae.
1327 3266 1419 3330 Item

370 3361 680 3428 donumAsketelli
694 3366 795 3447 coqui
810 3366 877 3430 mei
891 3365 1146 3449 iuGlapthorn‚
1160 3365 1331 3441 uidelicet,
1347 3373 1420 3430 tres

371 3463 527 3544 uirgatae
552 3470 676 3528 terrae.
728 3463 819 3530 Item
841 3465 969 3529 donum
985 3465 1128 3548 Uulgeti
1149 3465 1322 3548 quondam
1343 3467 1422 3546 pin-

371 3581 495 3630 cernae
518 3563 597 3638 mei‚
615 3564 652 3626 in
668 3563 863 3648 Peiekyrke
884 3571 957 3628 tres
976 3565 1131 3646 largatos
1153 3572 1276 3629 terrae.
1328 3563 1421 3628 Item

371 3660 499 3727 donum
525 3657 726 3746 [Ednlphi]¹
747 3665 864 3729 nuncii
886 3666 954 3728 mei
976 3665 1013 3728 in
1038 3664 1218 3746 Lai-thorp,
1232 3682 1337 3728 unam
1358 3667 1423 3728 bo·

370 3767 491 3828 uatem
515 3768 639 3827 terrae.
692 3762 782 3828 Item
807 3763 935 3828 donum
960 3763 1120 3829 Siuuardi
1146 3763 1364 3828 uicecomitis·
1383 3764 1423 3828 in

372 3857 554 3945 Kyrkeby,
577 3867 647 3926 tres
679 3863 826 3927 bouatas
852 3871 977 3942 terrae,
1006 3883 1110 3928 unam
1138 3863 1363 3941 mansionem,
1386 3871 1424 3928 et

370 3959 439 4025 tria
462 3961 611 4042 cotagia.
664 3960 711 4026 Et
734 3963 771 4025 in
795 3961 974 4028 Staundon
995 3963 1125 4029 donum
1146 3962 1338 4044 Sigburgae
1364 3981 1423 4026 co·
1549 3973 1550 4032 i

370 4059 535 4136 mitissae,
551 4062 704 4144 quinque
716 4060 815 4126 hidas
831 4070 955 4140 terrae,
974 4070 1010 4127 et
1017 4063 1145 4127 donum
1162 4061 1308 4127 Uulnoti
1324 4061 1423 4146 dapi-
1549 4079 1550 4136 ξ

747 4201 755 4230 ¹
767 4205 888 4268 wanting
899 4206 927 4256 in
936 4205 978 4256 ue
990 4205 1047 4256 MS.
