3188 5032
306 381 352 454 76
560 397 733 448 ourarrn
758 398 1097 449 nuemsrxomcrn.

307 559 431 624 intima
453 559 579 624 mentis
608 558 800 636 affectione,
824 578 901 622 eum
927 559 1096 623 bonorum
1118 575 1260 642 operum
1283 557 1362 624 dili-

307 661 426 741 gentia
448 661 662 724 incessanter
687 677 840 734 amemus
869 666 905 724 et
931 659 1126 736 timeamus,
1149 660 1231 744 quia
1260 661 1360 724 retri-

307 760 484 824 butionem
507 761 660 825 omnium
690 767 829 824 actuum
857 765 1054 823 nostrorum
1081 760 1118 823 in
1141 759 1196 824 die
1228 761 1359 825 exami-

307 861 458 924 nationis
473 861 574 924 iuxta
588 860 857 941 uniuscuiusque
870 859 1029 923 meritum
1044 859 1174 924 reddet.
1204 857 1357 941 Ideoque

307 959 531 1024 subtilissima
544 961 670 1025 mentis
685 959 873 1024 certatione
888 959 985 1024 illum
1000 959 1127 1026 imitari
1144 965 1358 1042 satagamus,

308 1059 389 1124 licet
402 1059 557 1124 mortalis
571 1061 665 1124 uitae
678 1059 830 1143 pondere
851 1059 973 1142 pressi,
989 1066 1025 1124 et
1039 1058 1234 1123 labentibus
1257 1059 1359 1126 huius

306 1159 435 1223 saeculi
456 1160 731 1243 possessionibus
747 1160 854 1224 simus
876 1158 1057 1236 incaseati,
1079 1165 1195 1223 tamen
1217 1159 1357 1225 misera-

299 1259 410 1324 tionis
432 1259 505 1324 eius
529 1259 691 1342 largitate
715 1258 854 1323 caducis
882 1258 1004 1342 opibus
1034 1265 1176 1323 aeterna
1198 1259 1356 1324 coelestis

237 1353 240 1358 “
305 1360 398 1423 uitae
434 1360 588 1443 praemia
623 1361 767 1424 mercari
801 1377 979 1442 queamus.
1032 1357 1255 1442 Quapropter
1290 1379 1356 1442 ego

305 1457 567 1537 Aethelbaldus,
591 1458 721 1524 Christi
740 1466 915 1524 annuente
939 1459 1121 1524 clementia
1142 1478 1205 1526 rex
1229 1459 1356 1534 Merci-

298 1578 416 1636 ornm,
438 1580 501 1643 pro
518 1579 579 1642 spe
594 1559 759 1624 mercedis
773 1566 934 1623 aeternae
949 1567 985 1624 et
1000 1559 1237 1623 cumconsilio
1251 1579 1356 1624 uene-

299 1659 422 1722 rabilis
456 1659 704 1742 archiepiscopi
743 1658 952 1736 Brituualdi,
986 1666 1022 1724 et
1047 1659 1092 1723 ob
1126 1660 1354 1724 reuerentiam

299 1758 434 1822 domini
467 1761 602 1824 abbatis
630 1760 816 1842 Ecguuini,
846 1760 891 1823 ad
921 1759 1100 1824 ecclesiam
1130 1759 1174 1825 B.
1207 1759 1354 1837 Mariae,

298 1877 393 1940 ‚quae
421 1858 566 1925 fundata
589 1867 643 1924 est
669 1861 705 1924 in
728 1860 867 1937 Ethom,
891 1879 983 1924 anno
1010 1860 1107 1942 regni
1132 1860 1200 1924 mei
1228 1861 1351 1944 primo,

298 1975 397 2024 xxv,
421 1977 560 2024 mansas
581 1967 749 2045 perpetua
769 1960 916 2042 largitus
936 1979 1012 2026 sum
1034 1960 1236 2038 hereditate,
1260 1967 1296 2025 et
1317 1961 1354 2024 in

302 2059 389 2122 iocis
430 2062 667 2144 sequestratis,
707 2060 879 2138 uidelicet,
917 2058 1069 2137 Actona,
1111 2059 1354 2140 Branesforde,

304 2158 485 2225 Hamtona
500 2163 601 2226 iuxta
624 2160 805 2226 Uuiccium
828 2161 1045 2244 emptorium,
1070 2159 1225 2244 Uptona,
1250 2160 1353 2224 Unit-

303 2267 398 2338 tona‚
428 2259 559 2338 Lench,
588 2259 717 2338 Alnod,
747 2260 928 2325 Uuestona
953 2263 1056 2325 iuxta
1077 2257 1247 2338 aduenam,
1275 2260 1355 2323 Hu-

299 2359 429 2438 dieota,
455 2360 574 2440 stoke,
596 2368 637 2427 ut
658 2361 784 2425 habeat
805 2361 842 2424 in
865 2369 1067 2444 perpetuam
1094 2359 1288 2426 libertatem
1318 2369 1354 2426 et

302 2461 478 2543 possideat
505 2481 583 2525 cum
611 2461 769 2525 omnibus
793 2480 882 2542 quae
905 2461 991 2525 deus
1013 2459 1186 2526 coelorum
1215 2461 1252 2523 in
1276 2460 1353 2543 ipso

301 2560 434 2625 telluris
462 2563 616 2644 gramine
646 2563 853 2644 procreauit,
880 2561 1023 2644 campis,
1052 2560 1202 2644 pascuis,
1231 2562 1355 2644 pratis,

303 2660 413 2739 siluis,
437 2662 664 2746 diriuatisque
693 2680 860 2743 aquarum
884 2661 1053 2726 cursibus.
1106 2659 1207 2724 Haec
1235 2668 1352 2726 autem

302 2761 479 2843 praedicta
516 2761 658 2826 donatio
688 2780 765 2826 mea
795 2768 831 2825 et
860 2761 1013 2824 omnium
1048 2760 1351 2843 praedecessorum

301 2878 454 2924 meorum
476 2861 523 2926 sit
544 2862 653 2926 libera
666 2863 710 2925 ab
725 2861 819 2924 omni
841 2860 1007 2924 mundiali
1029 2859 1221 2937 obstaculo,
1242 2861 1352 2924 tribus

295 2962 468 3043 exceptio,
499 2962 730 3045 expeditione,
761 2960 878 3043 pontis
916 2961 1049 3025 arcisue
1083 2961 1351 3025 constructione.

302 3060 399 3124 Deus
414 3061 521 3126 totius
535 3061 654 3125 mundi
676 3068 812 3126 creator
826 3067 861 3125 et
874 3068 987 3125 rector
1000 3061 1060 3143 qui
1074 3067 1199 3124 cuncta
1220 3061 1353 3124 creauit

302 3168 338 3225 et
353 3160 434 3225 fecit
448 3169 483 3226 et
500 3169 701 3226 cunctorum
715 3162 821 3225 corda
843 3168 1019 3226 scrutatur
1032 3167 1067 3228 et
1082 3179 1193 3236 renes,
1207 3167 1351 3224 cunctos

292 3261 361 3342 ⁴qui
383 3261 462 3325 huic
485 3281 581 3326 meae
603 3261 781 3326 donationi
804 3247 1001 3325 adiuuerint
1022 3267 1062 3324 ut
1083 3260 1186 3322 firma
1204 3261 1260 3336 sit,
1287 3279 1352 3324 sua

300 3361 536 3426 benedictione
559 3361 764 3444 multiplicet
778 3368 815 3425 et
827 3360 1010 3439 custodiat,
1026 3367 1061 3424 et
1080 3378 1275 3424 accrescere
1291 3361 1350 3442 qui

299 3461 473 3525 noluerint
499 3462 632 3526 cunctis
653 3461 753 3525 bonis
768 3468 933 3545 'crescant
961 3468 996 3525 et
1025 3459 1244 3542 repleantur:
1273 3466 1309 3524 et
1331 3480 1351 3523 e

300 3561 473 3625 contrario
496 3563 606 3645 siqui
627 3561 783 3642 suntqui
805 3561 886 3625 huic
910 3580 1006 3626 meae
1028 3560 1207 3624 donationi
1228 3577 1352 3624 nocere

301 3659 433 3740 uolunt,
447 3661 504 3726 uel
525 3662 703 3726 aduersari
724 3661 924 3739 moliuntur,
940 3662 976 3725 in
995 3659 1204 3744 profundum
1225 3659 1351 3724 inferni

300 3759 510 3826 descendant
526 3763 697 3839 uiuentes,
713 3768 748 3826 et
763 3763 938 3844 perpetuis
951 3761 1072 3845 poenis
1088 3760 1275 3842 mancipati
1297 3760 1350 3822 iu-

298 3860 425 3924 dicium
440 3859 581 3926 ultionis
592 3862 785 3945 percipiant
798 3882 875 3926 cum
887 3861 1013 3944 impiis,
1028 3861 1094 3923 uisi
1109 3867 1190 3924 ante
1204 3867 1349 3924 mortem

298 3960 343 4023 ad
377 3961 648 4026 satisfactionem
676 3961 847 4039 uenerint,
879 3969 915 4026 et
944 3968 1077 4025 reatum
1105 3977 1205 4023 suum
1241 3977 1350 4041 agno-

293 4067 433 4124 scentes
446 4063 692 4144 poenitentiam
707 4059 851 4142 egerint.
904 4061 1040 4143 Scripta
1063 4068 1116 4125 est
1133 4067 1249 4124 autem
1264 4060 1349 4126 haec

299 4158 439 4225 donatio
468 4181 544 4226 mea
573 4182 664 4228 auno
697 4161 888 4226 dominicae
916 4160 1165 4232 incarnationis
1199 4177 1347 4224 ncoxvr.
