3134 5030
461 443 633 490 curares
656 441 996 495 ANcmsAxomcnx.
1185 425 1253 491 263

195 596 321 662 dicitur
335 594 576 662 Aebbanduna
589 599 730 662 liberam
744 646 753 663 .
765 616 884 663 cccx.
907 607 1099 678 manenteS,
1116 599 1247 684 Wyrbe

197 715 235 760 x.
245 704 437 775 manentes,
449 698 493 762 ad
505 697 614 762 Aclea
628 706 663 763 et
672 699 716 762 ad
731 697 913 763 Norbtuna
929 707 965 764 et
976 698 1247 782 Punningstoce‚

198 813 305 860 xv111.
321 805 514 876 manenteS,
528 818 592 881 pro
606 799 680 862 eius
695 798 834 863 amabili
846 800 994 883 pecunia
1008 818 1048 863 ac
1064 799 1248 866 deuotione

196 917 299 980 quam
317 917 401 980 erga
415 918 478 962 nos
494 899 646 980 gerebat.
677 897 820 963 Fuimus
833 899 924 962 enim
935 900 972 963 in
981 899 1102 964 sinodo
1118 901 1155 964 in
1169 901 1248 967 loco

196 998 256 1080 qui
279 997 404 1062 dicitur
428 996 590 1082 Cellchyb
612 1017 728 1086 coram
747 998 971 1081 optimatibus
990 1000 1130 1076 nostris,
1155 1002 1249 1065 etin

195 1098 343 1181 pecunia
356 1097 452 1162 dedit
465 1098 557 1181 quod
572 1099 684 1162 ualuit
700 1113 824 1164 .c.xx.
840 1099 946 1164 libras
959 1105 995 1164 et
1008 1120 1086 1164 cum
1102 1115 1134 1164 c.
1149 1119 1247 1164 man·
1377 1103 1385 1120 ⁸

196 1197 350 1262 sionibus
378 1198 524 1262 redemit
552 1199 622 1264 iam
651 1217 754 1281 agros
783 1218 805 1263 a
827 1200 994 1264 seruitute
1016 1199 1204 1264 collocatas
1226 1221 1248 1265 a

195 1317 301 1362 manu
315 1304 569 1364 extraneorum.
623 1299 805 1382 Inprimis
828 1299 872 1364 ad
891 1299 1167 1382 Sunnignuellan
1183 1317 1246 1365 xV.

197 1406 387 1476 manentes,
409 1399 454 1462 ad
481 1399 619 1463 Eatune
641 1413 680 1464 x.
702 1406 894 1478 manentes,
920 1400 965 1464 ad
990 1399 1184 1464 Sandsorda
1208 1417 1250 1466 x.-

195 1506 387 1577 manentes,
399 1499 444 1563 ad
458 1497 711 1583 Denceswyrse
725 1506 762 1563 et
776 1499 820 1562 ad
841 1498 969 1565 Goseie
989 1515 1086 1564 xxx.
1104 1516 1247 1564 manen·

196 1606 268 1679 tes3
292 1599 397 1663 etiam
413 1598 608 1665 Culanbam
630 1619 709 1663 cum
731 1599 889 1664 omnibus
911 1600 997 1666 locis
1019 1599 1064 1666 ad
1084 1597 1247 1665 Aebban·

194 1699 285 1763 dune
298 1699 561 1782 pertinentibus,
583 1700 628 1764 ad
651 1699 789 1783 Gainge
812 1716 852 1764 x.
873 1707 909 1765 et
930 1700 975 1766 ad
999 1699 1248 1769 Lecbamstede

196 1817 235 1864 x.
250 1807 442 1866 manentes.

246 1899 327 1964 Hoc
348 1900 472 1965 scitoto
494 1917 564 1964 non
586 1899 699 1964 solum
727 1919 791 1983 pro
814 1900 950 1964 animae
973 1917 1071 1964 meae
1095 1901 1154 1965 sed
1183 1918 1247 1985 pro

195 2001 302 2064 totius
326 2001 440 2082 gentis
455 1999 664 2065 Merciorum
678 2001 791 2065 salute
810 1999 992 2064 facturum.
1046 1998 1124 2064 Has
1137 2007 1248 2066 terres

194 2101 231 2164 in
252 2108 457 2184 perpetuum
477 2101 666 2166 liberaliter
690 2100 878 2184 adquisibit
900 2118 923 2163 a
946 2101 1166 2183 granitudine
1188 2121 1247 2168 co·

194 2201 316 2266 mitum
338 2208 374 2266 et
395 2219 418 2265 a
431 2200 614 2266 durissima
635 2198 803 2266 seruitute
824 2219 956 2283 regum,
978 2207 1014 2266 et
1029 2209 1170 2266 sanctae
1192 2202 1248 2267 dei

194 2301 370 2383 genitricis
389 2302 576 2366 aecclesiae
600 2301 789 2366 liberaliter
803 2299 883 2364 illas
903 2301 1033 2365 seruire
1054 2301 1244 2367 subiunxit.

196 2400 346 2466 Proinde
367 2402 571 2466 mandamus
594 2421 658 2485 per
677 2401 919 2466 auctoritatem
944 2419 1079 2484 semper
1101 2401 1245 2484 uirginis

196 2501 331 2566 Mariae
345 2509 381 2567 et
395 2519 457 2585 per
468 2503 605 2585 signum
618 2509 760 2567 sanctae
774 2502 897 2579 crucis,
911 2501 948 2564 in
962 2521 1032 2584 qua
1046 2503 1156 2566 omnis
1171 2502 1244 2566 uic-

195 2603 286 2667 toria
299 2602 470 2679 consistit,
484 2609 525 2666 ut
540 2601 576 2666 in
592 2609 697 2666 antea
711 2603 825 2666 nullus
840 2620 918 2665 eum
935 2601 1129 2686 inquietare
1142 2623 1243 2686 prae-

195 2709 310 2767 sumat
319 2702 377 2767 uel
387 2702 461 2766 eius
471 2719 687 2768 successores
696 2718 927 2786 conquassare
937 2702 1080 2784 audeat;
1092 2703 1153 2768 sed
1165 2723 1245 2767 cum

194 2803 294 2868 firma
306 2822 393 2886 pace
401 2809 437 2867 et
447 2804 631 2868 securitate
642 2804 921 2885 praenominatos
931 2819 1035 2884 agros
1045 2803 1246 2885 possideant

194 2921 236 2967 ac
250 2904 454 2986 gubernent,
473 2909 509 2968 et
530 2909 612 2987 post
624 2904 815 2985 cuicunque
836 2902 921 2984 ipsis
936 2903 1106 2986 placuerit
1128 2903 1243 2984 dimit-

194 3009 282 3068 tant.
328 3003 405 3085 Ego
417 3002 592 3068 Coenuulf
600 3019 664 3067 rex
673 3002 881 3068 Merclorum
895 3002 960 3067 bas
970 3010 1081 3068 terras
1091 3002 1243 3068 liberabo

193 3105 237 3166 ab
252 3103 346 3167 omni
359 3105 526 3170 seruitute
538 3121 667 3187 magno
676 3104 733 3168 uel
747 3103 881 3168 modico
894 3123 1026 3187 regum,
1037 3104 1242 3188 principum,

194 3203 445 3286 episcoporum,
458 3223 522 3287 pro
536 3205 649 3269 salute
662 3204 798 3269 animae
811 3221 909 3269 meae
922 3211 958 3269 et
971 3223 1035 3286 pro
1051 3211 1126 3268 tota
1139 3212 1243 3286 gente

195 3301 417 3382 Marciorum,
430 3301 530 3370 sicuti
540 3305 584 3369 ab
595 3305 689 3369 omni
697 3306 864 3370 seruitute
873 3303 939 3367 fuit
952 3303 1110 3381 liberata,
1120 3310 1156 3367 et
1171 3311 1241 3385 est3

194 3404 338 3469 cumbis
351 3404 498 3469 testibus
512 3412 736 3487 utrorumque
758 3419 905 3468 sexuum
927 3405 1174 3468 monachorum
1189 3403 1245 3467 uel

194 3505 422 3570 saecularium
434 3512 475 3570 ut
487 3505 572 3570 baec
587 3512 707 3569 nostra
721 3510 854 3568 statuta
866 3503 966 3567 firma
979 3510 1181 3586 permaneat
1206 3504 1242 3568 in

194 3613 409 3689 perpetuum.
462 3605 533 3669 Hic
549 3603 640 3670 infra
653 3611 863 3669 caraxantur
877 3603 1017 3668 nomina
1031 3603 1182 3668 testium.

250 3707 289 3788 ›1‹
304 3706 380 3793 Ego
392 3703 567 3769 coenuulf
573 3723 635 3770 rex
644 3705 803 3769 consensi
819 3711 855 3768 et
869 3703 1057 3786 subscripsi
1071 3702 1108 3766 in
1123 3701 1244 3768 sinodo

194 3813 230 3870 et
251 3806 288 3870 in
309 3806 387 3870 loco
403 3805 463 3888 qui
484 3806 611 3871 dicitur
631 3804 803 3888 Celicbyb.
861 3805 901 3886 »1⁴
922 3801 999 3886 Ego
1016 3802 1162 3868 Uulsred
1187 3823 1243 3868 ar-

193 3904 441 3989 chiepiscopus
593 3933 595 3938 ’
