3112 5032
310 400 375 466 168
570 413 742 462 cHARTAu
765 415 1107 466 nuenosrxomens.

313 574 434 656 quue
469 590 617 653 namque
645 589 736 634 anno
765 570 962 653 praedictus
990 573 1172 655 episcopus
1204 571 1248 634 ad
1280 571 1364 634 Bre-

313 672 495 754 gantforde
510 671 605 734 uenit
629 679 664 734 et
683 670 857 733 licentiam
878 690 902 734 a
922 690 978 735 me
997 672 1169 753 quaesiuit
1183 678 1224 735 ut
1239 671 1365 734 medie-

313 780 420 836 tatem
442 771 633 834 uiculorum
656 789 762 851 supra
789 771 1007 852 scriptorum,
1023 770 1156 834 scilieet
1179 787 1270 834 xxv,
1293 788 1365 832 ma·
1409 809 1414 819 ·

314 879 449 949 nenteS,
472 869 673 952 parentibus
699 869 770 932 suis
799 869 947 932 tribuere
972 877 1111 954 posset;
1136 877 1171 934 et
1184 889 1249 950 ego
1272 869 1365 951 prin-

315 973 430 1054 cipum
451 989 605 1034 meorum
625 987 806 1044 consensu,
820 969 979 1050 petitioni
994 969 1147 1052 episcopi
1161 969 1271 1052 ipsius
1285 987 1366 1032 con-

316 1071 428 1148 sensi3
453 1089 494 1133 eo
508 1076 639 1145 tenore,
655 1074 695 1131 ut
711 1067 866 1148 quisquis
883 1067 1042 1132 habuerit
1054 1070 1204 1150 aliquem
1224 1088 1270 1132 ex
1282 1068 1367 1151 ipsis

317 1169 453 1246 uiculis,
475 1167 664 1232 uenerabili
686 1167 848 1248 episcopo
871 1167 1023 1231 Tillhere
1049 1169 1274 1251 omnibusque
1297 1166 1368 1230 suis

319 1269 572 1332 successoribus
587 1266 766 1330 seruitium
781 1265 887 1330 faciat
901 1267 937 1346 in
958 1267 1198 1349 uectigalibus
1214 1274 1249 1331 et
1263 1285 1368 1348 expe·

317 1369 517 1445 ditionibus,
535 1367 761 1446 omnibusque
776 1364 853 1428 aliis
868 1366 1137 1430 subiectionibus
1153 1367 1368 1448 qualescum-

317 1488 384 1550 que
405 1468 588 1551 episcopus
611 1467 685 1548 ipse
708 1465 830 1546 suique
858 1483 1074 1529 successores
1103 1466 1187 1530 mihi
1215 1466 1369 1546 meisque

301 1567 572 1658 ¹successoribus
585 1563 782 1647 persoluere
796 1563 987 1629 debuerint.
1038 1565 1076 1628 Si
1088 1585 1172 1629 uero
1187 1566 1310 1648 aliquis
1326 1583 1370 1628 ex

219 1737 222 1741 ,
319 1666 404 1749 ipsis
432 1664 626 1729 hominibus
651 1663 845 1745 deliquerit,
870 1664 926 1727 uel
951 1663 993 1728 de
1022 1665 1137 1746 patria
1164 1666 1201 1728 in
1227 1664 1370 1729 exilium

321 1767 445 1829 missus
467 1764 583 1841 fuerit,
602 1763 658 1826 uel
680 1763 749 1826 alio
771 1763 887 1845 aliquo
912 1764 1014 1827 modo
1034 1764 1076 1828 de
1092 1759 1371 1848 'honore'pulsus

320 1865 436 1942 fuerit,
472 1871 564 1928 terra
599 1864 677 1946 ipsa
714 1862 789 1926 sine
818 1863 911 1927 omni
937 1863 1179 1945 refragatione,
1209 1865 1372 1945 antiquae

323 1964 509 2028 aecclesiae
523 1965 560 2027 in
572 1962 838 2044 Uuigreceastre
853 1963 1067 2028 restituatur.
1115 1962 1373 2046 Praecipientes

323 2084 459 2146 quoque
482 2063 650 2140 iubemus,
668 2069 703 2125 et
726 2062 932 2126 auctoritate
950 2082 1103 2127 summae
1123 2071 1158 2128 et
1175 2062 1373 2148 indiuiduae

323 2163 505 2227 Trinitatis
531 2163 746 2239 mandamus,
767 2169 806 2226 ut
833 2162 948 2226 nullus
973 2181 1209 2227 successorum
1236 2170 1374 2239 nostre-

324 2284 412 2341 rum,
442 2263 636 2346 quicunque
664 2262 779 2338 fuerit,
807 2282 883 2340 rex,
911 2263 994 2339 dux,
1024 2263 1218 2345 episcopua,
1245 2281 1373 2340 comes,

324 2365 528 2440 uiceeomes,
550 2370 612 2426 aut
639 2362 757 2443 aliqua
779 2381 906 2442 magna
928 2381 1083 2444 paruaue
1103 2381 1262 2444 persona,
1284 2362 1375 2426 hauc

324 2470 479 2528 nostram
502 2462 722 2525 donationem
744 2461 781 2523 in
806 2461 901 2524 nullo
923 2463 1055 2526 uiolare
1076 2469 1286 2545 praesumat,
1336 2461 1376 2537 Si

326 2582 409 2626 uero
431 2562 508 2644 quis
529 2561 744 2638 temerarius,
761 2560 817 2623 uel
839 2563 988 2625 auaritia
1009 2561 1179 2625 diabolica
1201 2562 1376 2638 seductae,

325 2663 405 2725 huic
427 2670 564 2725 nostrae
586 2659 786 2724 auctoritati
803 2659 954 2738 obuiare,
974 2668 1036 2725 aut
1057 2680 1133 2724 eam
1146 2660 1303 2742 frangere
1319 2659 1376 2724 uel

326 2761 479 2824 minuere
499 2760 537 2822 in
560 2760 688 2841 aliquo,
711 2759 943 2841 temptauerit,
966 2761 1054 2825 sciat
1076 2779 1113 2823 se
1135 2767 1375 2843 separaturum

327 2859 557 2925 anathematis
576 2859 715 2922 uinculo
737 2859 782 2922 ab
797 2859 949 2921 omnium
971 2867 1168 2924 sanctorum
1190 2859 1377 2936 consortio,

328 2967 363 3024 et
380 2980 455 3022 cum
472 2959 605 3040 angelis
619 2957 822 3040 apostaticis
839 2957 998 3022 infernali
1017 2961 1271 3023 submersurum
1287 2958 1376 3032 iudi·

329 3059 394 3123 cio.
446 3057 651 3140 Conscripta
670 3064 724 3121 est
744 3064 860 3120 autem
883 3057 985 3121 huius
1007 3058 1139 3122 telluris
1155 3058 1308 3136 donatio,
1324 3064 1377 3121 at-

329 3178 397 3240 que
411 3157 610 3240 supradicta
623 3155 815 3233 consensio,
831 3175 852 3219 a
866 3177 921 3220 me
935 3164 1040 3239 atque
1061 3157 1146 3246 meis
1165 3157 1378 3240 principibus

331 3277 476 3340 quorum
498 3256 589 3319 infra
607 3257 710 3338 signa
731 3263 771 3319 et>
790 3255 930 3319 nomina
948 3263 1158 3320 caraxantur
1174 3256 1211 3319 in
1231 3257 1309 3320 loco
1322 3277 1378 3320 ee·

330 3357 415 3422 lebn'
430 3356 474 3420 ad
490 3355 755 3437 Bregantforde.
807 3353 911 3419 Anno
926 3355 1173 3419 incarnationis
1188 3355 1379 3420 dominicae

331 3473 558 3522 zoecnxxx,
578 3455 765 3519 indictione
790 3503 797 3518 .
822 3472 876 3518 111.
908 3456 1007 3538 regni
1036 3456 1103 3518 mei
1139 3474 1231 3519 anno
1265 3473 1378 3520 xxru.

330 3575 446 3620 mense
460 3555 664 3638 Septembri,
678 3554 744 3631 die,
759 3574 828 3636 quo
844 3555 960 3637 passio
976 3554 1174 3619 Tbebaidae
1193 3555 1338 3637 legionis
1358 3574 1380 3618 a

331 3656 489 3720 fidelibus
504 3654 559 3717 dei
574 3654 712 3717 famulis
727 3654 931 3718 celebratur.

382 3758 420 3836 ›1‹
440 3754 516 3834 Ego
532 3753 611 3817 Offa
629 3753 684 3817 dei
699 3753 790 3816 dono
809 3774 871 3817 rex
896 3754 1139 3833 Mercensium,
1161 3755 1250 3819 hanc
1269 3775 1381 3819 meam

331 3853 552 3919 donationem
575 3872 616 3916 ac
638 3852 896 3917 consensionem
913 3855 1013 3935 signo
1025 3862 1166 3919 sanotae
1181 3856 1292 3919 crucis
1305 3875 1381 3918 mu-

330 3955 430 4019 niens
445 3953 620 4016 confirmo.
677 3955 716 4034 ›1‹
734 3952 810 4033 Ego
825 3953 1023 4038 Kynebryd,
1039 3954 1094 4017 dei
1114 3954 1228 4036 gratia
1250 3955 1381 4036 regina,

329 4055 413 4116 huic
424 4052 603 4116 donationi
618 4058 653 4115 et
668 4053 886 4117 consensioni
908 4055 999 4135 regis
1019 4055 1188 4118 consensi.
1245 4057 1283 4135 ›1‹
1304 4054 1382 4135 Ego

335 4153 540 4229 lambertus,
561 4152 833 4218 Dorobernensis
858 4153 1145 4236 archiepiscopus,
1163 4155 1326 4230 ¹consensi
1346 4161 1382 4217 et
