3134 5030
321 419 387 486 274
576 437 748 485 orrnnrnn
771 435 1114 486 nucnosnxonrcnn.

756 713 953 781 CCXVII.

559 869 837 983 ononounn
861 904 1056 989 nayeon,
1076 904 1152 970 eae.

382 1082 421 1164 ›1‹
441 1079 487 1144 Iu
501 1080 639 1144 nomine
654 1079 713 1144 diri
727 1077 763 1144 di
776 1086 812 1144 et
824 1078 1009 1144 saluatoris
1027 1077 1079 1141 nii
1098 1076 1158 1140 ihu
1178 1075 1249 1164 xpi.
1303 1079 1382 1161 Ego

326 1180 490 1244 ceolwulf
506 1200 570 1244 rex
593 1179 797 1244 merciorum
816 1197 877 1242 seu
900 1178 1004 1242 etiam
1027 1179 1293 1243 cantwariorum
1317 1199 1381 1262 pro

327 1278 474 1344 remedid
503 1280 614 1345 anime
638 1299 725 1343 maee
747 1285 783 1346 et
804 1298 867 1362 pro
890 1297 951 1361 spe
978 1278 1102 1360 patriae
1125 1277 1262 1374 celestis
1290 1277 1380 1344 dabo

326 1385 363 1444 et
376 1378 527 1444 concedo
540 1378 794 1463 aliquantulum
811 1384 945 1460 partem
960 1383 1051 1472 terrp
1064 1376 1149 1440 iuris
1164 1377 1230 1440 mei
1247 1377 1284 1441 in
1299 1397 1379 1462 pro-

328 1477 444 1542 uincia
456 1479 570 1543 cantie
591 1479 629 1541 in
650 1478 784 1542 duobus
805 1477 891 1542 locis
906 1476 1072 1542 wulfredo
1092 1475 1283 1542 honorabili
1299 1523 1307 1540 .
1323 1478 1381 1541 aio

326 1574 399 1664 epis
424 1626 432 1642 .
455 1579 492 1642 in
527 1579 701 1662 propriam
734 1584 942 1659 potestatem
971 1575 1014 1638 ad
1043 1574 1237 1640 habendam
1268 1578 1380 1660 possi·

327 1676 439 1742 dendd
462 1677 519 1742 uel
544 1677 647 1744 etiam
668 1677 870 1759 cuicumque
893 1677 924 1740 ei
949 1674 1118 1760 placuerit
1141 1675 1380 1760 derelinquen-

327 1777 408 1840 dum
423 1778 675 1860 inperpetuum
692 1825 700 1842 .
717 1776 953 1841 hereditatem.
1005 1776 1117 1857 prima
1137 1795 1218 1861 pars
1233 1777 1380 1858 predicti

327 1876 455 1943 tellurii
490 1877 637 1943 habetur
671 1876 765 1940 intra
800 1877 936 1940 moenia
970 1875 1065 1938 urbis
1095 1873 1312 1940 dorouerni.
1344 1877 1380 1940 in

325 1976 455 2042 oriente
470 1978 575 2060 plaga
589 1976 656 2041 loci
669 1976 762 2040 illius
776 1994 855 2058 quae
869 1982 951 2039 ante
968 1973 1143 2039 coenwulf
1158 1995 1221 2038 rex
1236 1975 1379 2040 dederat

325 2077 555 2158 prenominati
582 2076 737 2158 pontifici
769 2123 778 2140 .
806 2075 843 2138 in
871 2074 1046 2159 propriam
1069 2081 1289 2159 potestatem.
1341 2084 1379 2140 at

325 2195 416 2240 nunc
425 2197 490 2259 ego
501 2175 710 2240 ceolwulfad
719 2181 943 2256 augmentum
953 2173 1078 2238 dedero
1088 2193 1232 2258 paruam
1244 2182 1380 2258 partem

325 2284 416 2372 terrp
432 2277 492 2360 qui
507 2275 618 2341 aderit
628 2275 746 2340 eodem
762 2274 847 2339 loci.
859 2274 894 2339 id
910 2281 984 2339 est.
1000 2291 1061 2338 ux.
1077 2273 1202 2357 pedum
1215 2275 1252 2338 in
1266 2274 1379 2358 longi-

324 2376 444 2441 tudine
459 2423 466 2437 .
483 2382 519 2439 et
534 2422 541 2436 .
555 2392 650 2440 xxx.
664 2376 700 2438 in
714 2374 897 2440 latitudine
912 2421 919 2436 .
937 2373 1022 2439 etin
1036 2371 1105 2438 alio
1115 2373 1191 2437 loco
1204 2421 1211 2436 .
1222 2374 1266 2438 ab
1279 2376 1376 2458 aqui-

323 2475 403 2538 lone
417 2475 568 2540 ciuitatis
582 2521 590 2536 .
603 2491 697 2540 xxx.
713 2474 834 2556 iugera
848 2522 855 2536 .
869 2491 958 2540 xxu
974 2475 1010 2540 in
1021 2472 1118 2540 arido
1131 2492 1254 2558 campo
1269 2481 1306 2538 et
1321 2523 1329 2537 .
1343 2493 1374 2537 ν.

323 2581 461 2656 pratum
478 2575 531 2638 his
546 2575 747 2640 terminibus
760 2573 979 2640 circumdatis
996 2620 1002 2638 .
1020 2575 1064 2638 ah
1086 2573 1218 2638 oriente
1238 2573 1378 2657 publica

325 2680 436 2739 strato
453 2720 460 2735 .
478 2680 513 2738 et
527 2675 678 2744 australe
693 2673 912 2756 aldberhting
927 2680 989 2741 tun
1003 2673 1040 2740 in
1055 2673 1232 2739 occidente
1243 2685 1319 2740 stur
1333 2677 1378 2739 ab

324 2773 484 2856 aquilone
499 2780 592 2838 terra
603 2774 695 2857 regis
709 2793 786 2838 cum
804 2774 962 2839 omnihus
980 2770 1052 2838 risis
1074 2772 1118 2838 ad
1141 2792 1178 2836 se
1200 2775 1377 2856 pertinen·

321 2872 437 2937 tibus.
454 2880 489 2938 et
503 2873 540 2937 in
554 2892 592 2936 se
606 2873 811 2938 habentibus
836 2873 915 2937 huic
937 2871 1130 2937 condicioni
1145 2871 1282 2938 donabo
1303 2921 1310 2938 .
1336 2884 1376 2939 ut

323 2973 369 3038 sit
383 2974 530 3039 liberata
549 2973 593 3036 ab
616 2973 768 3037 omnium
790 2973 996 3038 secularium
1017 2991 1133 3036 rerum
1153 2973 1210 3038 uel
1233 2993 1374 3040 censum

324 3093 416 3136 nunc
437 3080 472 3137 et
491 3071 651 3156 deinceps
669 3121 677 3137 .
694 3072 772 3137 hinc
791 3080 826 3138 et
848 3072 927 3136 inde
949 3071 1141 3156 magiorum
1161 3071 1377 3140 minorumue

323 3175 503 3236 causarum
526 3172 618 3236 notis
641 3173 770 3254 ignotis
792 3192 854 3254 per
875 3173 1120 3258 cuiuscumque
1134 3173 1291 3258 personis
1311 3195 1374 3257 po·

325 3272 460 3335 testatis
495 3270 753 3336 difficultatibus
791 3271 936 3336 liberet
965 3283 1086 3335 secura
1114 3280 1314 3354 perseuerat
1338 3275 1374 3338 in

324 3361 476 3435 aeuum.¹
509 3371 556 3435 Et
578 3371 667 3435 hanc
689 3391 801 3435 meam
825 3371 1046 3438 donationem
1068 3371 1109 3435 do
1135 3369 1264 3436 firmior
1288 3375 1374 3438 scri-

321 3472 469 3536 bendam
483 3470 612 3535 dictaui
626 3490 729 3553 quam
744 3472 788 3535 ab
800 3471 841 3536 Eo
855 3471 1024 3553 placabili}
1038 3470 1220 3554 pecuniam
1234 3475 1372 3560 accepi.

322 3572 357 3634 id
372 3578 425 3635 est
439 3591 503 3634 uas
516 3569 617 3634 electi
631 3572 707 3635 auri
720 3579 755 3636 et
769 3572 923 3654 argenti.
937 3571 1028 3654 quod
1043 3578 1097 3635 est
1111 3571 1328 3638 estimatione
1340 3591 1372 3634 v.

321 3670 445 3735 librum
468 3677 504 3735 et
524 3670 628 3734 semis
644 3718 651 3731 .
667 3671 698 3734 si
720 3671 798 3753 quis
820 3678 935 3735 autem
957 3689 1077 3753 regum
1100 3678 1160 3736 aut
1179 3672 1374 3756 principum

321 3771 378 3834 uel
390 3771 544 3853 qnalibet
558 3789 687 3852 magna
706 3789 849 3853 paruaq:
866 3789 1014 3852 persona
1035 3769 1124 3836 hanc
1142 3778 1295 3837 nostram
1309 3773 1374 3838 do·

320 3871 494 3934 nationem
508 3889 724 3953 corrumpere
737 3871 943 3935 temtauerit.
967 3868 1063 3934 Sciat
1070 3869 1174 3934 illese
1184 3890 1260 3935 esse
1275 3872 1373 3936 dam·

319 3978 440 4035 natum
455 4017 461 4030 .
479 3976 514 4033 et
528 3971 545 4033 d
560 3968 605 4034 do
619 3977 815 4053 separatam
832 4017 839 4031 .
856 3970 912 4033 hic
926 3975 962 4032 et
977 3970 1013 4032 in
1028 3969 1143 4033 futuro
1161 4017 1168 4030 .
1186 3970 1253 4034 nisi
1274 3971 1373 4054 digni

318 4069 554 4135 satisfactione
575 4070 809 4135 emendauerit
832 4069 1025 4152 iniquitatis
1046 4088 1108 4134 sue
1133 4117 1140 4130 .
1167 4070 1370 4136 audacium.

318 4176 435 4233 tamen
461 4178 621 4235 manente
647 4191 687 4237 ac
711 4170 845 4235 cartula
866 4171 902 4234 in
926 4187 989 4233 suo
1015 4169 1236 4234 nihilominus
1265 4171 1372 4236 firmi-
