<?xml version="1.0" encoding="UTF-8"?>
<!DOCTYPE html PUBLIC "-//W3C//DTD XHTML 1.0 Transitional//EN"
    "http://www.w3.org/TR/xhtml1/DTD/xhtml1-transitional.dtd">
<html xmlns="http://www.w3.org/1999/xhtml" xml:lang="en" lang="en">
 <head>
  <title>
</title>
<meta http-equiv="Content-Type" content="text/html;charset=utf-8" />
  <meta name='ocr-system' content='tesseract 3.04.00' />
  <meta name='ocr-capabilities' content='ocr_page ocr_carea ocr_par ocr_line ocrx_word'/>
</head>
<body>
  <div class='ocr_page' id='page_1' title='image "./codexdiplomatic04kembgoog_0027.png"; bbox 0 0 3168 5028; ppageno 0'>
   <div class='ocr_carea' id='block_1_1' title="bbox 379 494 1038 558">
    <p class='ocr_par' dir='ltr' id='par_1_1' title="bbox 379 494 1038 558">
     <span class='ocr_line' id='line_1_1' title="bbox 379 494 1038 558; baseline -0.012 -1"><span class='ocrx_word' id='word_1_1' title='bbox 379 494 440 558; x_wconf 84' lang='lat' dir='ltr'><strong>xvi</strong></span> <span class='ocrx_word' id='word_1_2' title='bbox 731 501 1038 554; x_wconf 79' lang='lat' dir='ltr'><strong>rurnonucrrou.</strong></span> 
     </span>
    </p>
   </div>
   <div class='ocr_carea' id='block_1_2' title="bbox 379 659 1381 844">
    <p class='ocr_par' dir='ltr' id='par_1_2' title="bbox 379 659 1381 844">
     <span class='ocr_line' id='line_1_2' title="bbox 379 659 1381 746; baseline -0.007 -14"><span class='ocrx_word' id='word_1_3' title='bbox 379 667 467 733; x_wconf 87' lang='lat' dir='ltr'><strong>ralia</strong></span> <span class='ocrx_word' id='word_1_4' title='bbox 486 685 528 732; x_wconf 87' lang='lat' dir='ltr'><strong>ac</strong></span> <span class='ocrx_word' id='word_1_5' title='bbox 549 664 682 730; x_wconf 87' lang='lat' dir='ltr'><strong>caduca</strong></span> <span class='ocrx_word' id='word_1_6' title='bbox 699 671 791 743; x_wconf 88' lang='lat' dir='ltr'><strong>sunt,</strong></span> <span class='ocrx_word' id='word_1_7' title='bbox 809 671 845 728; x_wconf 89' lang='lat' dir='ltr'><strong>et</strong></span> <span class='ocrx_word' id='word_1_8' title='bbox 864 682 942 746; x_wconf 88' lang='lat' dir='ltr'><strong>quae</strong></span> <span class='ocrx_word' id='word_1_9' title='bbox 963 681 1032 727; x_wconf 94' lang='lat' dir='ltr'><strong>non</strong></span> <span class='ocrx_word' id='word_1_10' title='bbox 1051 659 1210 726; x_wconf 88' lang='lat' dir='ltr'><strong>uidentur</strong></span> <span class='ocrx_word' id='word_1_11' title='bbox 1228 667 1381 726; x_wconf 81' lang='lat' dir='ltr'><strong>aeterna·</strong></span> 
     </span>
     <span class='ocr_line' id='line_1_3' title="bbox 379 760 1337 844; baseline -0.005 -11"><span class='ocrx_word' id='word_1_12' title='bbox 379 769 458 833; x_wconf 82' lang='lat' dir='ltr'><strong>liter</strong></span> <span class='ocrx_word' id='word_1_13' title='bbox 471 785 642 833; x_wconf 86' lang='lat' dir='ltr'><strong>mansura.</strong></span> <span class='ocrx_word' id='word_1_14' title='bbox 676 763 822 842; x_wconf 84' lang='lat' dir='ltr'><strong>Idcirco,</strong></span> <span class='ocrx_word' id='word_1_15' title='bbox 835 770 901 828; x_wconf 88' lang='lat' dir='ltr'><strong>etc.</strong></span> <span class='ocrx_word' id='word_1_16' title='bbox 1096 760 1248 844; x_wconf 70' lang='lat' dir='ltr'><strong>Eddwig,</strong></span> <span class='ocrx_word' id='word_1_17' title='bbox 1262 761 1337 828; x_wconf 62' lang='lat'><strong>95&amp;</strong></span> 
     </span>
    </p>
   </div>
   <div class='ocr_carea' id='block_1_3' title="bbox 378 960 1380 1146">
    <p class='ocr_par' dir='ltr' id='par_1_3' title="bbox 378 960 1380 1146">
     <span class='ocr_line' id='line_1_4' title="bbox 423 960 1380 1048; baseline -0.008 -14"><span class='ocrx_word' id='word_1_18' title='bbox 423 970 459 1036; x_wconf 87' lang='lat' dir='ltr'><strong>It</strong></span> <span class='ocrx_word' id='word_1_19' title='bbox 483 971 513 1034; x_wconf 89' lang='lat' dir='ltr'><strong>is</strong></span> <span class='ocrx_word' id='word_1_20' title='bbox 537 987 615 1032; x_wconf 88' lang='lat' dir='ltr'><strong>now</strong></span> <span class='ocrx_word' id='word_1_21' title='bbox 635 983 829 1048; x_wconf 81' lang='lat' dir='ltr'><strong>necessary,</strong></span> <span class='ocrx_word' id='word_1_22' title='bbox 849 965 884 1028; x_wconf 88' lang='lat' dir='ltr'><strong>in</strong></span> <span class='ocrx_word' id='word_1_23' title='bbox 905 963 1003 1028; x_wconf 89' lang='lat' dir='ltr'><strong>order</strong></span> <span class='ocrx_word' id='word_1_24' title='bbox 1020 971 1056 1028; x_wconf 91' lang='lat' dir='ltr'><strong>to</strong></span> <span class='ocrx_word' id='word_1_25' title='bbox 1076 963 1172 1028; x_wconf 85' lang='lat' dir='ltr'>show</span> <span class='ocrx_word' id='word_1_26' title='bbox 1188 960 1265 1028; x_wconf 88' lang='lat' dir='ltr'><strong>that</strong></span> <span class='ocrx_word' id='word_1_27' title='bbox 1284 963 1380 1027; x_wconf 87' lang='lat' dir='ltr'><strong>these</strong></span> 
     </span>
     <span class='ocr_line' id='line_1_5' title="bbox 378 1060 1380 1146; baseline -0.008 -12"><span class='ocrx_word' id='word_1_28' title='bbox 378 1069 483 1134; x_wconf 82' lang='lat' dir='ltr'><strong>forms</strong></span> <span class='ocrx_word' id='word_1_29' title='bbox 505 1087 593 1133; x_wconf 88' lang='lat' dir='ltr'><strong>were</strong></span> <span class='ocrx_word' id='word_1_30' title='bbox 615 1073 677 1130; x_wconf 89' lang='lat' dir='ltr'><strong>not</strong></span> <span class='ocrx_word' id='word_1_31' title='bbox 699 1063 855 1130; x_wconf 90' lang='lat' dir='ltr'><strong>confined</strong></span> <span class='ocrx_word' id='word_1_32' title='bbox 880 1070 916 1127; x_wconf 91' lang='lat' dir='ltr'><strong>to</strong></span> <span class='ocrx_word' id='word_1_33' title='bbox 936 1062 1104 1144; x_wconf 82' lang='lat' dir='ltr'><strong>England,</strong></span> <span class='ocrx_word' id='word_1_34' title='bbox 1127 1070 1163 1127; x_wconf 91' lang='lat' dir='ltr'><strong>to</strong></span> <span class='ocrx_word' id='word_1_35' title='bbox 1186 1060 1335 1146; x_wconf 87' lang='lat' dir='ltr'><strong>produce</strong></span> <span class='ocrx_word' id='word_1_36' title='bbox 1358 1081 1380 1127; x_wconf 87' lang='lat' dir='ltr'><strong>a</strong></span> 
     </span>
    </p>
   </div>
   <div class='ocr_carea' id='block_1_4' title="bbox 378 1163 1380 1336">
    <p class='ocr_par' dir='ltr' id='par_1_4' title="bbox 378 1163 1380 1336">
     <span class='ocr_line' id='line_1_6' title="bbox 378 1163 1380 1249; baseline -0.005 -16"><span class='ocrx_word' id='word_1_37' title='bbox 378 1170 444 1236; x_wconf 85' lang='lat' dir='ltr'><strong>few</strong></span> <span class='ocrx_word' id='word_1_38' title='bbox 467 1169 598 1234; x_wconf 83' lang='lat' dir='ltr'><strong>similar</strong></span> <span class='ocrx_word' id='word_1_39' title='bbox 619 1165 799 1249; x_wconf 87' lang='lat' dir='ltr'><strong>examples</strong></span> <span class='ocrx_word' id='word_1_40' title='bbox 820 1163 907 1231; x_wconf 82' lang='lat' dir='ltr'><strong>from</strong></span> <span class='ocrx_word' id='word_1_41' title='bbox 925 1164 1124 1230; x_wconf 86' lang='lat' dir='ltr'><strong>documents</strong></span> <span class='ocrx_word' id='word_1_42' title='bbox 1140 1164 1322 1247; x_wconf 78' lang='lat' dir='ltr'><strong>belonging</strong></span> <span class='ocrx_word' id='word_1_43' title='bbox 1344 1173 1380 1228; x_wconf 90' lang='lat' dir='ltr'><strong>to</strong></span> 
     </span>
     <span class='ocr_line' id='line_1_7' title="bbox 379 1266 772 1336; baseline -0.015 -1"><span class='ocrx_word' id='word_1_44' title='bbox 379 1271 476 1336; x_wconf 86' lang='lat' dir='ltr'><strong>other</strong></span> <span class='ocrx_word' id='word_1_45' title='bbox 490 1270 642 1336; x_wconf 80' lang='lat' dir='ltr'><strong>German</strong></span> <span class='ocrx_word' id='word_1_46' title='bbox 656 1266 772 1331; x_wconf 89' lang='lat' dir='ltr'><strong>tribes.</strong></span> 
     </span>
    </p>
   </div>
   <div class='ocr_carea' id='block_1_5' title="bbox 294 1463 1383 4275">
    <p class='ocr_par' dir='ltr' id='par_1_5' title="bbox 367 1463 1382 2152">
     <span class='ocr_line' id='line_1_8' title="bbox 422 1463 1380 1548; baseline -0.005 -15"><span class='ocrx_word' id='word_1_47' title='bbox 422 1471 464 1534; x_wconf 88' lang='lat' dir='ltr'><strong>A.</strong></span> <span class='ocrx_word' id='word_1_48' title='bbox 508 1467 552 1532; x_wconf 90' lang='lat' dir='ltr'><strong>In</strong></span> <span class='ocrx_word' id='word_1_49' title='bbox 586 1465 722 1532; x_wconf 90' lang='lat' dir='ltr'><strong>nomine</strong></span> <span class='ocrx_word' id='word_1_50' title='bbox 756 1472 898 1530; x_wconf 86' lang='lat' dir='ltr'><strong>sanctae</strong></span> <span class='ocrx_word' id='word_1_51' title='bbox 926 1464 1120 1530; x_wconf 84' lang='lat' dir='ltr'><strong>Trinitatis!</strong></span> <span class='ocrx_word' id='word_1_52' title='bbox 1164 1463 1380 1548; x_wconf 88' lang='lat' dir='ltr'><strong>Prosperum,</strong></span> 
     </span>
     <span class='ocr_line' id='line_1_9' title="bbox 367 1565 1380 1643; baseline -0.006 -7"><span class='ocrx_word' id='word_1_53' title='bbox 367 1571 516 1636; x_wconf 88' lang='lat' dir='ltr'><strong>salubre</strong></span> <span class='ocrx_word' id='word_1_54' title='bbox 541 1574 578 1632; x_wconf 90' lang='lat' dir='ltr'><strong>et</strong></span> <span class='ocrx_word' id='word_1_55' title='bbox 604 1567 691 1631; x_wconf 85' lang='lat' dir='ltr'><strong>satis</strong></span> <span class='ocrx_word' id='word_1_56' title='bbox 714 1566 898 1630; x_wconf 90' lang='lat' dir='ltr'><strong>iocundum</strong></span> <span class='ocrx_word' id='word_1_57' title='bbox 923 1567 1130 1643; x_wconf 86' lang='lat' dir='ltr'><strong>censuimus,</strong></span> <span class='ocrx_word' id='word_1_58' title='bbox 1153 1572 1193 1629; x_wconf 90' lang='lat' dir='ltr'><strong>ut</strong></span> <span class='ocrx_word' id='word_1_59' title='bbox 1215 1565 1316 1630; x_wconf 93' lang='lat' dir='ltr'><strong>homo</strong></span> <span class='ocrx_word' id='word_1_60' title='bbox 1338 1566 1380 1630; x_wconf 87' lang='lat' dir='ltr'><strong>dc</strong></span> 
     </span>
     <span class='ocr_line' id='line_1_10' title="bbox 380 1666 1381 1754; baseline -0.008 -17"><span class='ocrx_word' id='word_1_61' title='bbox 380 1672 513 1738; x_wconf 88' lang='lat' dir='ltr'><strong>caduca</strong></span> <span class='ocrx_word' id='word_1_62' title='bbox 527 1669 691 1754; x_wconf 88' lang='lat' dir='ltr'><strong>quapiam</strong></span> <span class='ocrx_word' id='word_1_63' title='bbox 705 1687 741 1730; x_wconf 89' lang='lat' dir='ltr'><strong>re</strong></span> <span class='ocrx_word' id='word_1_64' title='bbox 756 1666 898 1746; x_wconf 87' lang='lat' dir='ltr'><strong>saeculi,</strong></span> <span class='ocrx_word' id='word_1_65' title='bbox 912 1667 955 1731; x_wconf 86' lang='lat' dir='ltr'><strong>ad</strong></span> <span class='ocrx_word' id='word_1_66' title='bbox 971 1673 1116 1750; x_wconf 87' lang='lat' dir='ltr'><strong>peccata</strong></span> <span class='ocrx_word' id='word_1_67' title='bbox 1130 1686 1195 1730; x_wconf 87' lang='lat' dir='ltr'><strong>sue</strong></span> <span class='ocrx_word' id='word_1_68' title='bbox 1215 1667 1381 1730; x_wconf 88' lang='lat' dir='ltr'><strong>redimen-</strong></span> 
     </span>
     <span class='ocr_line' id='line_1_11' title="bbox 380 1765 1382 1849; baseline -0.005 -13"><span class='ocrx_word' id='word_1_69' title='bbox 380 1771 461 1836; x_wconf 92' lang='lat' dir='ltr'><strong>dum</strong></span> <span class='ocrx_word' id='word_1_70' title='bbox 481 1769 599 1834; x_wconf 84' lang='lat' dir='ltr'><strong>ualeat</strong></span> <span class='ocrx_word' id='word_1_71' title='bbox 617 1765 754 1847; x_wconf 83' lang='lat' dir='ltr'><strong>offerre3</strong></span> <span class='ocrx_word' id='word_1_72' title='bbox 778 1773 838 1829; x_wconf 88' lang='lat' dir='ltr'><strong>aut</strong></span> <span class='ocrx_word' id='word_1_73' title='bbox 851 1767 934 1848; x_wconf 91' lang='lat' dir='ltr'><strong>quid</strong></span> <span class='ocrx_word' id='word_1_74' title='bbox 949 1765 1154 1849; x_wconf 81' lang='lat' dir='ltr'><strong>promptiore</strong></span> <span class='ocrx_word' id='word_1_75' title='bbox 1173 1765 1328 1844; x_wconf 88' lang='lat' dir='ltr'><strong>consilio,</strong></span> <span class='ocrx_word' id='word_1_76' title='bbox 1343 1774 1382 1831; x_wconf 90' lang='lat' dir='ltr'><strong>ut</strong></span> 
     </span>
     <span class='ocr_line' id='line_1_12' title="bbox 379 1865 1381 1950; baseline -0.004 -14"><span class='ocrx_word' id='word_1_77' title='bbox 379 1872 481 1936; x_wconf 91' lang='lat' dir='ltr'><strong>homo</strong></span> <span class='ocrx_word' id='word_1_78' title='bbox 509 1868 551 1934; x_wconf 97' lang='lat' dir='ltr'><strong>de</strong></span> <span class='ocrx_word' id='word_1_79' title='bbox 581 1867 762 1932; x_wconf 88' lang='lat' dir='ltr'><strong>mundanis</strong></span> <span class='ocrx_word' id='word_1_80' title='bbox 792 1867 892 1930; x_wconf 90' lang='lat' dir='ltr'><strong>rebus</strong></span> <span class='ocrx_word' id='word_1_81' title='bbox 918 1865 1049 1930; x_wconf 91' lang='lat' dir='ltr'><strong>saeculi</strong></span> <span class='ocrx_word' id='word_1_82' title='bbox 1078 1874 1252 1949; x_wconf 88' lang='lat' dir='ltr'><strong>comparet</strong></span> <span class='ocrx_word' id='word_1_83' title='bbox 1280 1886 1381 1950; x_wconf 85' lang='lat' dir='ltr'><strong>para-</strong></span> 
     </span>
     <span class='ocr_line' id='line_1_13' title="bbox 379 1961 1381 2051; baseline -0.004 -13"><span class='ocrx_word' id='word_1_84' title='bbox 379 1974 504 2051; x_wconf 88' lang='lat' dir='ltr'><strong>disum,</strong></span> <span class='ocrx_word' id='word_1_85' title='bbox 540 1976 576 2034; x_wconf 89' lang='lat' dir='ltr'><strong>et</strong></span> <span class='ocrx_word' id='word_1_86' title='bbox 610 1969 653 2033; x_wconf 92' lang='lat' dir='ltr'><strong>de</strong></span> <span class='ocrx_word' id='word_1_87' title='bbox 682 1976 815 2033; x_wconf 87' lang='lat' dir='ltr'><strong>terrena</strong></span> <span class='ocrx_word' id='word_1_88' title='bbox 844 1967 1039 2032; x_wconf 86' lang='lat' dir='ltr'><strong>substantia</strong></span> <span class='ocrx_word' id='word_1_89' title='bbox 1067 1987 1105 2031; x_wconf 86' lang='lat' dir='ltr'><strong>se</strong></span> <span class='ocrx_word' id='word_1_90' title='bbox 1134 1961 1319 2034; x_wconf 79' lang='lat' dir='ltr'><strong>transferat</strong></span> <span class='ocrx_word' id='word_1_91' title='bbox 1344 1969 1381 2034; x_wconf 89' lang='lat' dir='ltr'><strong>in</strong></span> 
     </span>
     <span class='ocr_line' id='line_1_14' title="bbox 380 2067 1337 2152; baseline -0.004 -15"><span class='ocrx_word' id='word_1_92' title='bbox 380 2071 569 2137; x_wconf 69' lang='lat' dir='ltr'><strong>coelestia?</strong></span> <span class='ocrx_word' id='word_1_93' title='bbox 602 2068 737 2152; x_wconf 87' lang='lat' dir='ltr'><strong>Itaque,</strong></span> <span class='ocrx_word' id='word_1_94' title='bbox 752 2076 816 2133; x_wconf 89' lang='lat' dir='ltr'><strong>etc.</strong></span> <span class='ocrx_word' id='word_1_95' title='bbox 888 2067 1036 2132; x_wconf 88' lang='lat' dir='ltr'><strong>Formul.</strong></span> <span class='ocrx_word' id='word_1_96' title='bbox 1081 2067 1240 2134; x_wconf 86' lang='lat' dir='ltr'><strong>Marculf.</strong></span> <span class='ocrx_word' id='word_1_97' title='bbox 1256 2069 1292 2134; x_wconf 90' lang='lat' dir='ltr'><strong>ii.</strong></span> <span class='ocrx_word' id='word_1_98' title='bbox 1305 2070 1337 2134; x_wconf 79' lang='lat'><strong>2.</strong></span> 
     </span>
    </p>

    <p class='ocr_par' dir='ltr' id='par_1_6' title="bbox 380 2170 1382 2557">
     <span class='ocr_line' id='line_1_15' title="bbox 423 2170 1382 2254; baseline 0.001 -18"><span class='ocrx_word' id='word_1_99' title='bbox 423 2173 463 2236; x_wconf 87' lang='grc' dir='ltr'><strong>Β.</strong></span> <span class='ocrx_word' id='word_1_100' title='bbox 495 2170 603 2248; x_wconf 91' lang='lat' dir='ltr'><strong>Nihil,</strong></span> <span class='ocrx_word' id='word_1_101' title='bbox 612 2177 651 2234; x_wconf 91' lang='lat' dir='ltr'><strong>ut</strong></span> <span class='ocrx_word' id='word_1_102' title='bbox 663 2172 712 2234; x_wconf 88' lang='lat' dir='ltr'><strong>ait</strong></span> <span class='ocrx_word' id='word_1_103' title='bbox 723 2170 1044 2254; x_wconf 87' lang='lat' dir='ltr'><strong>Apostolus,inhoc</strong></span> <span class='ocrx_word' id='word_1_104' title='bbox 1055 2170 1182 2234; x_wconf 92' lang='lat' dir='ltr'><strong>mundo</strong></span> <span class='ocrx_word' id='word_1_105' title='bbox 1193 2172 1382 2252; x_wconf 88' lang='lat' dir='ltr'><strong>intulimus,</strong></span> 
     </span>
     <span class='ocr_line' id='line_1_16' title="bbox 380 2270 1381 2356; baseline 0 -18"><span class='ocrx_word' id='word_1_106' title='bbox 380 2293 444 2338; x_wconf 88' lang='lat' dir='ltr'><strong>nec</strong></span> <span class='ocrx_word' id='word_1_107' title='bbox 471 2273 655 2356; x_wconf 88' lang='lat' dir='ltr'><strong>quicquam</strong></span> <span class='ocrx_word' id='word_1_108' title='bbox 681 2290 726 2335; x_wconf 87' lang='lat' dir='ltr'><strong>ex</strong></span> <span class='ocrx_word' id='word_1_109' title='bbox 752 2290 793 2334; x_wconf 92' lang='lat' dir='ltr'><strong>eo</strong></span> <span class='ocrx_word' id='word_1_110' title='bbox 823 2270 955 2335; x_wconf 86' lang='lat' dir='ltr'><strong>auferre</strong></span> <span class='ocrx_word' id='word_1_111' title='bbox 979 2271 1157 2336; x_wconf 87' lang='lat' dir='ltr'><strong>nobiscum</strong></span> <span class='ocrx_word' id='word_1_112' title='bbox 1184 2273 1381 2355; x_wconf 83' lang='lat' dir='ltr'><strong>poterimus,</strong></span> 
     </span>
     <span class='ocr_line' id='line_1_17' title="bbox 380 2372 1381 2456; baseline -0.001 -16"><span class='ocrx_word' id='word_1_113' title='bbox 380 2375 448 2440; x_wconf 91' lang='lat' dir='ltr'><strong>nisi</strong></span> <span class='ocrx_word' id='word_1_114' title='bbox 459 2374 562 2456; x_wconf 91' lang='lat' dir='ltr'><strong>quod,</strong></span> <span class='ocrx_word' id='word_1_115' title='bbox 573 2373 617 2436; x_wconf 95' lang='lat' dir='ltr'><strong>ob</strong></span> <span class='ocrx_word' id='word_1_116' title='bbox 629 2372 763 2437; x_wconf 88' lang='lat' dir='ltr'><strong>animae</strong></span> <span class='ocrx_word' id='word_1_117' title='bbox 773 2372 930 2450; x_wconf 87' lang='lat' dir='ltr'><strong>salutem,</strong></span> <span class='ocrx_word' id='word_1_118' title='bbox 943 2372 1027 2436; x_wconf 89' lang='lat' dir='ltr'><strong>locis</strong></span> <span class='ocrx_word' id='word_1_119' title='bbox 1041 2380 1246 2452; x_wconf 85' lang='lat' dir='ltr'><strong>sanctorum,</strong></span> <span class='ocrx_word' id='word_1_120' title='bbox 1258 2373 1381 2439; x_wconf 88' lang='lat' dir='ltr'><strong>deuote</strong></span> 
     </span>
     <span class='ocr_line' id='line_1_18' title="bbox 381 2473 1305 2557; baseline -0.006 -13"><span class='ocrx_word' id='word_1_121' title='bbox 381 2476 519 2544; x_wconf 89' lang='lat' dir='ltr'><strong>domino</strong></span> <span class='ocrx_word' id='word_1_122' title='bbox 534 2473 722 2553; x_wconf 85' lang='lat' dir='ltr'><strong>offerentes,</strong></span> <span class='ocrx_word' id='word_1_123' title='bbox 736 2473 905 2557; x_wconf 88' lang='lat' dir='ltr'><strong>impertire</strong></span> <span class='ocrx_word' id='word_1_124' title='bbox 918 2473 1081 2538; x_wconf 87' lang='lat' dir='ltr'><strong>uidemur.</strong></span> <span class='ocrx_word' id='word_1_125' title='bbox 1125 2473 1225 2556; x_wconf 86' lang='lat' dir='ltr'><strong>Ergo,</strong></span> <span class='ocrx_word' id='word_1_126' title='bbox 1240 2483 1305 2540; x_wconf 91' lang='lat' dir='ltr'><strong>etc.</strong></span> 
     </span>
    </p>

    <p class='ocr_par' dir='ltr' id='par_1_7' title="bbox 880 2572 1336 2641">
     <span class='ocr_line' id='line_1_19' title="bbox 880 2572 1336 2641; baseline 0.007 -4"><span class='ocrx_word' id='word_1_127' title='bbox 880 2573 1028 2638; x_wconf 88' lang='lat' dir='ltr'><strong>Formul.</strong></span> <span class='ocrx_word' id='word_1_128' title='bbox 1072 2572 1231 2638; x_wconf 85' lang='lat' dir='ltr'><strong>Mareulf.</strong></span> <span class='ocrx_word' id='word_1_129' title='bbox 1247 2575 1269 2639; x_wconf 91' lang='lat' dir='ltr'><strong>i.</strong></span> <span class='ocrx_word' id='word_1_130' title='bbox 1284 2575 1336 2641; x_wconf 85' lang='grc'><strong>14.</strong></span> 
     </span>
    </p>

    <p class='ocr_par' dir='ltr' id='par_1_8' title="bbox 294 2675 1381 3362">
     <span class='ocr_line' id='line_1_20' title="bbox 423 2675 1380 2759; baseline 0 -17"><span class='ocrx_word' id='word_1_131' title='bbox 423 2679 461 2742; x_wconf 89' lang='lat' dir='ltr'><strong>G.</strong></span> <span class='ocrx_word' id='word_1_132' title='bbox 492 2677 697 2759; x_wconf 84' lang='lat' dir='ltr'><strong>Prosperum</strong></span> <span class='ocrx_word' id='word_1_133' title='bbox 721 2675 858 2758; x_wconf 88' lang='lat' dir='ltr'><strong>quidem</strong></span> <span class='ocrx_word' id='word_1_134' title='bbox 881 2681 916 2738; x_wconf 88' lang='lat' dir='ltr'><strong>et</strong></span> <span class='ocrx_word' id='word_1_135' title='bbox 941 2675 1079 2738; x_wconf 82' lang='lat' dir='ltr'><strong>salubre</strong></span> <span class='ocrx_word' id='word_1_136' title='bbox 1101 2675 1294 2756; x_wconf 88' lang='lat' dir='ltr'><strong>consilium,</strong></span> <span class='ocrx_word' id='word_1_137' title='bbox 1319 2679 1380 2742; x_wconf 92' lang='lat' dir='ltr'><strong>im·</strong></span> 
     </span>
     <span class='ocr_line' id='line_1_21' title="bbox 381 2775 1380 2858; baseline 0.004 -19"><span class='ocrx_word' id='word_1_138' title='bbox 381 2795 505 2858; x_wconf 91' lang='lat' dir='ltr'><strong>moque</strong></span> <span class='ocrx_word' id='word_1_139' title='bbox 524 2777 611 2841; x_wconf 85' lang='lat' dir='ltr'><strong>satis</strong></span> <span class='ocrx_word' id='word_1_140' title='bbox 627 2776 812 2839; x_wconf 90' lang='lat' dir='ltr'><strong>iocundum</strong></span> <span class='ocrx_word' id='word_1_141' title='bbox 831 2795 908 2840; x_wconf 87' lang='lat' dir='ltr'><strong>esse</strong></span> <span class='ocrx_word' id='word_1_142' title='bbox 926 2775 1125 2853; x_wconf 89' lang='lat' dir='ltr'><strong>dinoscitur,</strong></span> <span class='ocrx_word' id='word_1_143' title='bbox 1139 2782 1179 2839; x_wconf 89' lang='lat' dir='ltr'><strong>ut</strong></span> <span class='ocrx_word' id='word_1_144' title='bbox 1191 2775 1233 2840; x_wconf 90' lang='lat' dir='ltr'><strong>de</strong></span> <span class='ocrx_word' id='word_1_145' title='bbox 1249 2777 1380 2843; x_wconf 87' lang='lat' dir='ltr'><strong>caduca</strong></span> 
     </span>
     <span class='ocr_line' id='line_1_22' title="bbox 380 2875 1381 2961; baseline 0.007 -23"><span class='ocrx_word' id='word_1_146' title='bbox 380 2877 550 2959; x_wconf 85' lang='lat' dir='ltr'><strong>quispiam</strong></span> <span class='ocrx_word' id='word_1_147' title='bbox 567 2876 697 2939; x_wconf 88' lang='lat' dir='ltr'><strong>saeculi</strong></span> <span class='ocrx_word' id='word_1_148' title='bbox 710 2875 876 2940; x_wconf 79' lang='lat' dir='ltr'><strong>facultate</strong></span> <span class='ocrx_word' id='word_1_149' title='bbox 891 2875 957 2939; x_wconf 88' lang='lat' dir='ltr'><strong>deo</strong></span> <span class='ocrx_word' id='word_1_150' title='bbox 976 2875 1222 2961; x_wconf 67' lang='lat' dir='ltr'><strong>conteratque</strong></span> <span class='ocrx_word' id='word_1_151' title='bbox 1235 2887 1381 2961; x_wconf 83' lang='lat' dir='ltr'><strong>peccata</strong></span> 
     </span>
     <span class='ocr_line' id='line_1_23' title="bbox 381 2976 1380 3061; baseline 0.004 -21"><span class='ocrx_word' id='word_1_152' title='bbox 381 2976 544 3040; x_wconf 88' lang='lat' dir='ltr'><strong>redimere</strong></span> <span class='ocrx_word' id='word_1_153' title='bbox 563 2995 628 3040; x_wconf 86' lang='lat' dir='ltr'><strong>sua</strong></span> <span class='ocrx_word' id='word_1_154' title='bbox 647 2977 763 3054; x_wconf 83' lang='lat' dir='ltr'><strong>ualeat</strong></span> <span class='ocrx_word' id='word_1_155' title='bbox 783 2984 819 3042; x_wconf 88' lang='lat' dir='ltr'><strong>et</strong></span> <span class='ocrx_word' id='word_1_156' title='bbox 838 2978 987 3056; x_wconf 87' lang='lat' dir='ltr'><strong>abluere,</strong></span> <span class='ocrx_word' id='word_1_157' title='bbox 1001 2976 1047 3041; x_wconf 87' lang='lat' dir='ltr'><strong>Et</strong></span> <span class='ocrx_word' id='word_1_158' title='bbox 1065 2979 1156 3061; x_wconf 92' lang='lat' dir='ltr'><strong>quod</strong></span> <span class='ocrx_word' id='word_1_159' title='bbox 1175 2979 1380 3060; x_wconf 87' lang='lat' dir='ltr'><strong>prudentius</strong></span> 
     </span>
     <span class='ocr_line' id='line_1_24' title="bbox 381 3076 1379 3159; baseline 0.004 -19"><span class='ocrx_word' id='word_1_160' title='bbox 381 3076 570 3154; x_wconf 90' lang='lat' dir='ltr'><strong>consilium,</strong></span> <span class='ocrx_word' id='word_1_161' title='bbox 590 3096 692 3159; x_wconf 89' lang='lat' dir='ltr'><strong>quam</strong></span> <span class='ocrx_word' id='word_1_162' title='bbox 714 3086 754 3143; x_wconf 91' lang='lat' dir='ltr'><strong>ut</strong></span> <span class='ocrx_word' id='word_1_163' title='bbox 775 3079 877 3143; x_wconf 89' lang='lat' dir='ltr'><strong>homo</strong></span> <span class='ocrx_word' id='word_1_164' title='bbox 902 3079 944 3144; x_wconf 96' lang='lat' dir='ltr'><strong>de</strong></span> <span class='ocrx_word' id='word_1_165' title='bbox 965 3079 1145 3145; x_wconf 87' lang='lat' dir='ltr'><strong>mundanis</strong></span> <span class='ocrx_word' id='word_1_166' title='bbox 1166 3080 1266 3144; x_wconf 89' lang='lat' dir='ltr'><strong>rebus</strong></span> <span class='ocrx_word' id='word_1_167' title='bbox 1290 3101 1379 3145; x_wconf 91' lang='lat' dir='ltr'><strong>com-</strong></span> 
     </span>
     <span class='ocr_line' id='line_1_25' title="bbox 294 3178 1380 3262; baseline 0.006 -23"><span class='ocrx_word' id='word_1_168' title='bbox 294 3255 297 3262; x_wconf 23' lang='lat'>·</span> <span class='ocrx_word' id='word_1_169' title='bbox 380 3183 479 3259; x_wconf 87' lang='lat' dir='ltr'><strong>paret</strong></span> <span class='ocrx_word' id='word_1_170' title='bbox 496 3178 704 3259; x_wconf 88' lang='lat' dir='ltr'><strong>paradisum,</strong></span> <span class='ocrx_word' id='word_1_171' title='bbox 719 3179 811 3244; x_wconf 90' lang='lat' dir='ltr'><strong>etde</strong></span> <span class='ocrx_word' id='word_1_172' title='bbox 833 3187 968 3246; x_wconf 88' lang='lat' dir='ltr'><strong>terrena</strong></span> <span class='ocrx_word' id='word_1_173' title='bbox 987 3182 1180 3245; x_wconf 88' lang='lat' dir='ltr'><strong>substantia</strong></span> <span class='ocrx_word' id='word_1_174' title='bbox 1198 3180 1380 3246; x_wconf 86' lang='lat' dir='ltr'><strong>transferat</strong></span> 
     </span>
     <span class='ocr_line' id='line_1_26' title="bbox 381 3276 998 3362; baseline 0.01 -22"><span class='ocrx_word' id='word_1_175' title='bbox 381 3276 511 3360; x_wconf 86' lang='lat' dir='ltr'><strong>aliquid</strong></span> <span class='ocrx_word' id='word_1_176' title='bbox 525 3279 561 3343; x_wconf 92' lang='lat' dir='ltr'><strong>in</strong></span> <span class='ocrx_word' id='word_1_177' title='bbox 575 3278 758 3343; x_wconf 81' lang='lat' dir='ltr'><strong>caelestini</strong></span> <span class='ocrx_word' id='word_1_178' title='bbox 802 3279 998 3362; x_wconf 85' lang='lat' dir='ltr'><strong>Igitur,-etc.</strong></span> 
     </span>
    </p>

    <p class='ocr_par' dir='ltr' id='par_1_9' title="bbox 597 3378 1338 3468">
     <span class='ocr_line' id='line_1_27' title="bbox 597 3378 1338 3468; baseline 0.008 -26"><span class='ocrx_word' id='word_1_179' title='bbox 597 3449 610 3458; x_wconf 56' lang='grc'><strong>,</strong></span> <span class='ocrx_word' id='word_1_180' title='bbox 679 3378 853 3460; x_wconf 86' lang='lat' dir='ltr'><strong>Grammo,</strong></span> <span class='ocrx_word' id='word_1_181' title='bbox 867 3382 941 3447; x_wconf 83' lang='lat'><strong>697.</strong></span> <span class='ocrx_word' id='word_1_182' title='bbox 970 3382 1194 3467; x_wconf 80' lang='lat' dir='ltr'><strong>(Brequigny,</strong></span> <span class='ocrx_word' id='word_1_183' title='bbox 1208 3383 1230 3446; x_wconf 90' lang='lat' dir='ltr'><strong>i.</strong></span> <span class='ocrx_word' id='word_1_184' title='bbox 1244 3383 1338 3468; x_wconf 86' lang='grc'>349.)</span> 
     </span>
    </p>

    <p class='ocr_par' dir='ltr' id='par_1_10' title="bbox 377 3478 1383 4171">
     <span class='ocr_line' id='line_1_28' title="bbox 422 3478 1380 3567; baseline 0.006 -25"><span class='ocrx_word' id='word_1_185' title='bbox 422 3479 466 3544; x_wconf 92' lang='lat' dir='ltr'><strong>D.</strong></span> <span class='ocrx_word' id='word_1_186' title='bbox 499 3478 542 3543; x_wconf 93' lang='lat' dir='ltr'><strong>In</strong></span> <span class='ocrx_word' id='word_1_187' title='bbox 566 3481 701 3546; x_wconf 91' lang='lat' dir='ltr'><strong>nomine</strong></span> <span class='ocrx_word' id='word_1_188' title='bbox 727 3481 867 3548; x_wconf 87' lang='lat' dir='ltr'><strong>deitatis</strong></span> <span class='ocrx_word' id='word_1_189' title='bbox 892 3491 1034 3548; x_wconf 79' lang='lat' dir='ltr'><strong>sanctae</strong></span> <span class='ocrx_word' id='word_1_190' title='bbox 1058 3483 1261 3548; x_wconf 86' lang='lat' dir='ltr'><strong>Trinitatis!</strong></span> <span class='ocrx_word' id='word_1_191' title='bbox 1306 3483 1380 3567; x_wconf 86' lang='lat' dir='ltr'><strong>Ego</strong></span> 
     </span>
     <span class='ocr_line' id='line_1_29' title="bbox 379 3581 1383 3664; baseline 0.004 -19"><span class='ocrx_word' id='word_1_192' title='bbox 379 3581 548 3646; x_wconf 87' lang='lat' dir='ltr'><strong>Bertrada</strong></span> <span class='ocrx_word' id='word_1_193' title='bbox 568 3602 628 3646; x_wconf 91' lang='lat' dir='ltr'><strong>seu</strong></span> <span class='ocrx_word' id='word_1_194' title='bbox 647 3583 763 3660; x_wconf 89' lang='lat' dir='ltr'><strong>Berta,</strong></span> <span class='ocrx_word' id='word_1_195' title='bbox 786 3603 847 3647; x_wconf 85' lang='lat' dir='ltr'><strong>seu</strong></span> <span class='ocrx_word' id='word_1_196' title='bbox 868 3591 903 3648; x_wconf 88' lang='lat' dir='ltr'><strong>et</strong></span> <span class='ocrx_word' id='word_1_197' title='bbox 924 3585 1016 3648; x_wconf 88' lang='lat' dir='ltr'><strong>filius</strong></span> <span class='ocrx_word' id='word_1_198' title='bbox 1035 3604 1130 3648; x_wconf 89' lang='lat' dir='ltr'><strong>meus</strong></span> <span class='ocrx_word' id='word_1_199' title='bbox 1148 3583 1383 3664; x_wconf 75' lang='lat' dir='ltr'><strong>charibertus,</strong></span> 
     </span>
     <span class='ocr_line' id='line_1_30' title="bbox 377 3683 1382 3770; baseline 0.003 -23"><span class='ocrx_word' id='word_1_200' title='bbox 377 3684 569 3766; x_wconf 86' lang='lat' dir='ltr'><strong>recogitans</strong></span> <span class='ocrx_word' id='word_1_201' title='bbox 579 3683 755 3748; x_wconf 83' lang='lat' dir='ltr'><strong>molimina</strong></span> <span class='ocrx_word' id='word_1_202' title='bbox 765 3685 1002 3766; x_wconf 88' lang='lat' dir='ltr'><strong>peccaminum</strong></span> <span class='ocrx_word' id='word_1_203' title='bbox 1012 3692 1262 3765; x_wconf 90' lang='lat' dir='ltr'><strong>nostrorum,ut</strong></span> <span class='ocrx_word' id='word_1_204' title='bbox 1270 3705 1382 3770; x_wconf 85' lang='lat' dir='ltr'><strong>parua</strong></span> 
     </span>
     <span class='ocr_line' id='line_1_31' title="bbox 378 3785 1379 3869; baseline 0.001 -21"><span class='ocrx_word' id='word_1_205' title='bbox 378 3803 439 3868; x_wconf 92' lang='lat' dir='ltr'><strong>pro</strong></span> <span class='ocrx_word' id='word_1_206' title='bbox 453 3785 597 3867; x_wconf 85' lang='lat' dir='ltr'><strong>magnis,</strong></span> <span class='ocrx_word' id='word_1_207' title='bbox 612 3792 745 3850; x_wconf 85' lang='lat' dir='ltr'><strong>terrena</strong></span> <span class='ocrx_word' id='word_1_208' title='bbox 759 3803 822 3868; x_wconf 86' lang='lat' dir='ltr'><strong>pro</strong></span> <span class='ocrx_word' id='word_1_209' title='bbox 836 3785 1053 3863; x_wconf 87' lang='lat' dir='ltr'><strong>coelestibus,</strong></span> <span class='ocrx_word' id='word_1_210' title='bbox 1067 3786 1199 3850; x_wconf 82' lang='lat' dir='ltr'><strong>caduca</strong></span> <span class='ocrx_word' id='word_1_211' title='bbox 1211 3805 1273 3869; x_wconf 89' lang='lat' dir='ltr'><strong>pro</strong></span> <span class='ocrx_word' id='word_1_212' title='bbox 1287 3785 1379 3849; x_wconf 80' lang='lat' dir='ltr'><strong>futu·</strong></span> 
     </span>
     <span class='ocr_line' id='line_1_32' title="bbox 377 3873 1380 3970; baseline 0 -21"><span class='ocrx_word' id='word_1_213' title='bbox 377 3886 435 3962; x_wconf 88' lang='lat' dir='ltr'><strong>ris,</strong></span> <span class='ocrx_word' id='word_1_214' title='bbox 448 3886 484 3949; x_wconf 94' lang='lat' dir='ltr'><strong>in</strong></span> <span class='ocrx_word' id='word_1_215' title='bbox 500 3905 561 3950; x_wconf 87' lang='lat' dir='ltr'><strong>ara</strong></span> <span class='ocrx_word' id='word_1_216' title='bbox 579 3886 701 3950; x_wconf 90' lang='lat' dir='ltr'><strong>summi</strong></span> <span class='ocrx_word' id='word_1_217' title='bbox 716 3885 772 3950; x_wconf 88' lang='lat' dir='ltr'><strong>dei</strong></span> <span class='ocrx_word' id='word_1_218' title='bbox 787 3873 1030 3970; x_wconf 79' lang='lat' dir='ltr'><strong>omnipotentis</strong></span> <span class='ocrx_word' id='word_1_219' title='bbox 1045 3886 1163 3951; x_wconf 83' lang='lat' dir='ltr'><strong>offerre</strong></span> <span class='ocrx_word' id='word_1_220' title='bbox 1183 3905 1380 3965; x_wconf 86' lang='lat' dir='ltr'><strong>mereamur,</strong></span> 
     </span>
     <span class='ocr_line' id='line_1_33' title="bbox 377 3985 1379 4071; baseline 0.001 -22"><span class='ocrx_word' id='word_1_221' title='bbox 377 3993 417 4050; x_wconf 90' lang='lat' dir='ltr'><strong>ut</strong></span> <span class='ocrx_word' id='word_1_222' title='bbox 431 3987 475 4050; x_wconf 85' lang='lat' dir='ltr'><strong>ab</strong></span> <span class='ocrx_word' id='word_1_223' title='bbox 490 3985 577 4070; x_wconf 90' lang='lat' dir='ltr'><strong>ipsis</strong></span> <span class='ocrx_word' id='word_1_224' title='bbox 592 3988 770 4053; x_wconf 87' lang='lat' dir='ltr'><strong>subleuare</strong></span> <span class='ocrx_word' id='word_1_225' title='bbox 786 3988 1018 4070; x_wconf 86' lang='lat' dir='ltr'><strong>adipiscamur</strong></span> <span class='ocrx_word' id='word_1_226' title='bbox 1034 3988 1103 4071; x_wconf 84' lang='lat' dir='ltr'><strong>iugi</strong></span> <span class='ocrx_word' id='word_1_227' title='bbox 1122 3988 1379 4052; x_wconf 90' lang='lat' dir='ltr'><strong>miserationum</strong></span> 
     </span>
     <span class='ocr_line' id='line_1_34' title="bbox 378 4087 863 4171; baseline -0.006 -17"><span class='ocrx_word' id='word_1_228' title='bbox 378 4087 539 4154; x_wconf 91' lang='lat' dir='ltr'><strong>domicilii</strong></span> <span class='ocrx_word' id='word_1_229' title='bbox 553 4089 619 4155; x_wconf 90' lang='lat' dir='ltr'><strong>dci.</strong></span> <span class='ocrx_word' id='word_1_230' title='bbox 664 4088 784 4171; x_wconf 83' lang='lat' dir='ltr'><strong>Igitur,</strong></span> <span class='ocrx_word' id='word_1_231' title='bbox 799 4096 863 4152; x_wconf 88' lang='lat' dir='ltr'><strong>etc.</strong></span> 
     </span>
    </p>

    <p class='ocr_par' dir='ltr' id='par_1_11' title="bbox 732 4188 1336 4275">
     <span class='ocr_line' id='line_1_35' title="bbox 732 4188 1336 4275; baseline 0.003 -23"><span class='ocrx_word' id='word_1_232' title='bbox 732 4189 851 4265; x_wconf 87' lang='lat' dir='ltr'><strong>Berta,</strong></span> <span class='ocrx_word' id='word_1_233' title='bbox 864 4188 938 4253; x_wconf 79' lang='lat'>721.</span> <span class='ocrx_word' id='word_1_234' title='bbox 967 4188 1192 4275; x_wconf 80' lang='lat' dir='ltr'><strong>(Brequigny,</strong></span> <span class='ocrx_word' id='word_1_235' title='bbox 1206 4190 1229 4254; x_wconf 92' lang='lat' dir='ltr'><strong>i.</strong></span> <span class='ocrx_word' id='word_1_236' title='bbox 1243 4189 1336 4274; x_wconf 71' lang='lat'>431).</span> 
     </span>
    </p>
   </div>
   <div class='ocr_carea' id='block_1_6' title="bbox 0 0 1588 5028">
    <p class='ocr_par' dir='ltr' id='par_1_12' title="bbox 0 0 1588 5028">
     <span class='ocr_line' id='line_1_36' title="bbox 0 0 1588 5028; baseline 0 0"><span class='ocrx_word' id='word_1_237' title='bbox 0 0 1588 5028; x_wconf 95' lang='lat' dir='ltr'><strong> </strong></span> 
     </span>
    </p>
   </div>
  </div>
 </body>
</html>
