3188 5032
488 453 664 503 curnula·
683 451 1027 504 nucnosnxourcan.
1241 433 1286 504 et

732 647 773 711 n.

525 837 546 880 *
572 835 664 913 INI,
688 835 774 918 May
795 835 891 914 aen,
913 836 989 902 704.

287 1016 384 1097 »141Ν
399 1013 537 1078 nomine
552 1011 682 1076 domiui
692 1011 747 1075 dei
758 1010 868 1075 nostri
881 1011 1088 1076 saluatoris!
1133 1011 1210 1093 Ego
1227 1011 1284 1076 Ini

233 1122 400 1197 regnante
415 1113 554 1178 domino
569 1132 644 1188 rex,
660 1131 738 1176 cum
753 1111 897 1176 consilio
911 1119 947 1175 et
960 1110 1100 1174 decreto
1114 1112 1284 1193 praesulis

233 1215 342 1278 nostri
361 1212 548 1289 Aldbelmi,
571 1212 741 1294 simulque
765 1218 968 1276 cunctorum
991 1211 1047 1274 dei
1066 1211 1284 1275 sacerdotum

233 1314 469 1396 suggestione,
485 1320 520 1376 et
533 1311 779 1376 monachorum
794 1312 960 1393 petitione
981 1311 1041 1392 qui
1061 1309 1099 1373 in
1120 1310 1285 1392 parochia

234 1413 543 1477 chst-Saxonum
558 1418 819 1487 conuersantur,
833 1410 922 1474 hanc
937 1411 1131 1474 libertatem
1152 1410 1284 1474 aeccle-

235 1513 294 1574 siis
316 1513 477 1594 impendo
491 1519 528 1577 et
541 1510 630 1574 hanc
653 1511 824 1593 priuilegii
839 1511 1044 1591 dignitatem
1066 1511 1283 1573 monasteriis

236 1611 390 1692 conlero;
403 1620 442 1676 ut
453 1613 527 1676 sine
538 1611 782 1693 impedimento
792 1609 1019 1674 saecularium
1032 1629 1145 1672 rerum
1159 1616 1194 1674 et
1206 1611 1285 1674 abs·

236 1731 302 1793 que
317 1713 446 1776 tributo
460 1712 629 1775 fiscalium
643 1710 876 1792 negociorum,
891 1710 1007 1773 liberis
1021 1711 1205 1787 mentibus,
1219 1708 1286 1774 deo

236 1811 300 1875 soli
335 1813 509 1891 seruiunt3
541 1818 577 1876 et
612 1811 839 1874 monasticam
870 1809 1026 1874 coenobii
1055 1808 1284 1892 disciplinam,

237 1910 374 1992 Christo
391 1911 593 1993 suffragium
608 1910 790 1992 largiente,
801 1910 1007 1992 regulariter
1021 1916 1226 1989 exerceant3
1243 1929 1285 1973 ac

234 2030 297 2093 pro
320 2018 415 2076 statu
440 2019 476 2075 et
499 2011 728 2093 prosperitate
751 2011 848 2092 regni
875 2011 984 2074 nostri
1008 2017 1043 2074 et
1068 2009 1285 2091 indulgentia

235 2111 492 2175 commissorum
524 2110 749 2193 [criminum],
780 2117 862 2174 ante
895 2117 1117 2192 conspectum
1147 2109 1285 2174 diuinae

234 2211 425 2274 maiestatis
454 2228 573 2292 preces
601 2209 745 2274 fundere
776 2209 983 2291 dignentur:
1021 2215 1057 2273 et
1090 2209 1285 2274 orationum

236 2308 347 2374 officia
372 2309 631 2393 frequentantes
653 2310 689 2372 in
715 2309 903 2398 aecclesiis,
925 2328 995 2396 pro·
1011 2316 1130 2373 nostra
1151 2307 1284 2390 fragili·

234 2416 309 2472 tate
329 2408 549 2490 interpellare
567 2409 733 2472 nitantur.
785 2407 917 2490 Siquis
939 2427 1022 2471 uero
1041 2415 1162 2471 contra
1183 2407 1285 2472 huius

235 2508 364 2572 decreti
385 2507 608 2591 singrapham
622 2509 741 2572 uenire
762 2507 996 2589 temptauerit,
1012 2507 1099 2571 sciat
1114 2525 1151 2570 se
1166 2525 1283 2572 coram

236 2607 387 2684 Christo,
403 2627 596 2691 nouemque
618 2607 819 2689 angelorum
841 2606 1029 2682 ordinibus,
1049 2606 1086 2669 in
1108 2607 1285 2672 tremendo

233 2707 396 2772 examine
420 2708 588 2772 rationem
620 2706 843 2770 redditurum.
896 2705 976 2770 Hoc
998 2725 1082 2769 uero
1109 2706 1285 2770 decretum

199 2805 201 2810 ’
236 2807 371 2871 anobis
381 2808 528 2871 libenter
542 2824 754 2883 concessum,
766 2806 883 2872 taliter
896 2805 1091 2869 confirmari
1106 2812 1141 2869 et
1154 2807 1286 2870 seruari

235 2907 463 2984 decernimus,
485 2914 618 2970 uttam
640 2905 740 2970 nobis
761 2905 836 2969 uita
857 2907 981 2970 comite
994 2907 1146 2990 propitia
1159 2905 1285 2970 diuini·

239 3014 313 3071 tate
336 3006 436 3088 regni
458 3006 691 3088 gubernacula
712 3006 921 3087 regentibus,
936 3026 1039 3088 quam
1055 3005 1182 3070 suturis
1207 3025 1286 3072 suc·

239 3107 432 3171 sessoribus
450 3105 673 3170 haereditatis
694 3106 769 3168 iure
790 3104 958 3187 regnandi
979 3105 1214 3171 monarchiam
1234 3115 1286 3172 te·

239 3207 411 3283 uentibus,
433 3205 664 3269 inextricabili
685 3205 762 3286 lege
786 3204 928 3269 firmiter
948 3207 1139 3271 roboretur.
1192 3207 1286 3272 Nam

239 3326 302 3389 pro
322 3307 480 3388 ampliori
502 3305 674 3369 firmitatis
692 3310 913 3381 testamento,
934 3305 1106 3389 principes
1128 3312 1164 3371 et
1185 3327 1286 3372 sena·

238 3413 342 3483 tores,
357 3405 487 3471 iudices
506 3412 542 3470 et
555 3405 719 3486 patricios
740 3405 954 3469 subscribere
972 3405 1125 3482 lecimus,
1140 3423 1286 3488 quorum

238 3506 378 3569 nomina
399 3505 491 3569 infra
520 3511 683 3570 tenentur
707 3505 888 3586 asscripta.
939 3501 1067 3567 Actum
1090 3504 1227 3587 publice
1251 3513 1287 3569 et

238 3605 477 3670 confirmatum
499 3606 535 3669 in
557 3604 634 3668 loco
661 3604 721 3687 qui
744 3603 940 3685 appellatur
964 3602 1148 3666 Eburleab.
1200 3604 1286 3687 Sep·

239 3705 323 3770 timo
338 3705 563 3770 kalendarum
579 3703 758 3768 Iuniarum
772 3702 839 3767 die.
892 3699 1085 3765 Indictione
1097 3705 1149 3766 11⁸.
1179 3701 1285 3769 Anno

239 3806 283 3869 ab
295 3805 532 3868 incarnatione
547 3804 676 3868 Christi
690 3819 830 3867 ucc1111.
844 3800 1001 3866 feliciter.

293 3907 333 3986 »14
348 3904 493 3988 Signum
516 3919 639 3969 manus
662 3902 719 3967 Ini
741 3903 832 3984 regis
855 3902 914 3986 qui
935 3901 1021 3964 haec
1043 3901 1160 3965 omnia
1181 3919 1287 3968 manu

238 4006 378 4087 propria
401 4004 628 4069 confirmauit.
687 4004 725 4083 »14
742 4002 818 4083 Ego
834 3999 1050 4078 Aldhelmus,
1073 4019 1194 4065 seruus
1214 4022 1285 4068 ser·

239 4123 361 4169 uorum
398 4105 465 4182 dei,
502 4104 567 4168 boc
604 4102 779 4167 decretum
815 4120 919 4165 mann
945 4101 1084 4182 propria
1113 4102 1286 4169 roboraui.

247 4206 285 4285 »14
302 4204 379 4286 Ego
396 4204 549 4286 Hagona
562 4203 669 4268 abbas
683 4201 902 4267 consentiens
917 4199 1114 4284 subscripsi.
1154 4202 1193 4283 »14
1210 4203 1287 4284 Ego
