3134 5030
947 391 962 420 h

454 453 626 503 cornuin
650 455 992 504 nncnosaxorucnn.
1186 444 1252 509 297

198 666 204 680 .
223 634 247 682 ι.
264 636 360 699 wege
383 633 502 698 speces
527 662 534 675 .
558 631 583 678 1.
599 613 681 677 eald*
698 613 811 680 hrider
828 663 835 680 .
853 633 922 682 1111.
939 614 1069 682 wedras
1086 667 1094 682 .
1112 635 1150 683 x.
1167 639 1250 702 goes

198 766 205 780 .
222 735 289 782 xx.
301 715 469 796 henfugla
484 763 492 779 .
509 731 579 779 1111.
591 712 686 780 fodra
696 716 818 781 weada
833 738 873 807 ‚7
885 717 918 781 ic
930 719 1098 800 ealhburg
1108 720 1251 784 bchiade

197 817 393 884 eadwealde
418 817 545 888 minem
570 835 669 898 mege
693 836 738 880 an
765 817 871 899 godes
893 836 1021 883 naman
1044 841 1068 909 7
1091 838 1136 883 an
1157 821 1253 885 ealra

196 918 249 983 his
269 917 405 1000 haligra
426 913 484 980 det
497 916 541 979 he
564 913 615 980 tis
629 917 695 981 wel
709 916 831 981 healde
852 916 905 981 his
928 917 984 982 dei
999 934 1020 1004 7
1038 917 1153 983 siddan
1177 921 1251 986 ford

196 1018 346 1084 bebeode
368 1017 423 1080 his
444 1017 564 1081 erbum
586 1023 623 1080 to
645 1016 835 1081 healdenne
859 1015 902 1081 da
924 1017 1026 1084 hwile
1051 1017 1145 1084 dehit
1167 1023 1251 1086 cris-

196 1126 256 1184 ten
282 1137 319 1182 se
345 1119 384 1198 ›1‹
410 1140 433 1209 7
460 1117 555 1180 suelc
578 1136 659 1181 mon
685 1136 723 1181 se
747 1115 804 1182 det
828 1117 910 1183 lond
935 1119 1044 1184 hebbe
1073 1120 1251 1207 eghwylce

196 1235 333 1283 sunnan
357 1217 444 1300 dege
466 1233 560 1281 .xx.
591 1217 742 1300 gesuflra
761 1217 857 1285 hlafa
880 1226 917 1282 to
943 1217 1024 1284 dare
1050 1221 1178 1286 cirican
1198 1223 1252 1288 for

196 1319 373 1383 ealdredes
386 1318 518 1408 saule7
535 1316 588 1380 for
604 1318 800 1400 ealhburge.
859 1321 898 1400 ›1‹
916 1319 979 1383 Dis
992 1321 1022 1384 is
1038 1321 1092 1385 sia
1106 1321 1250 1388 elmesse

195 1418 235 1484 de
251 1419 411 1483 ealhhere
426 1417 559 1482 bebead
583 1418 785 1501 ealawynne
800 1417 853 1482 his
868 1419 1012 1484 doehtor
1033 1427 1069 1485 et
1088 1418 1251 1506 hengles-

196 1521 277 1584 h'am
303 1528 339 1584 et
356 1566 364 1583 .
380 1535 435 1584 111.
460 1517 646 1600 sulungum
669 1519 741 1582 elce
764 1537 845 1602 gere
865 1567 875 1584 .
895 1537 928 1584 c.
951 1522 1016 1604 pei]
1044 1529 1082 1586 to
1112 1523 1253 1588 cristes-

196 1621 324 1686 cirican
344 1617 419 1684 dem
442 1618 561 1701 higum
574 1640 597 1709 7
610 1619 705 1683 suelc
723 1638 804 1683 man
828 1618 995 1686 sedisses
1009 1622 1131 1686 landes
1145 1625 1250 1689 bruce

198 1722 306 1804 agabo
326 1718 377 1784 dis
393 1718 461 1784 fiah
477 1739 523 1782 an
537 1719 643 1802 godes
663 1719 869 1802 gewithesse
886 1744 910 1812 7
926 1741 972 1787 an
994 1722 1093 1786 calta*
1112 1723 1166 1788 his
1188 1724 1251 1788 ha-

195 1823 322 1913 ligra7
348 1821 435 1885 suilc
456 1839 537 1884 man
556 1838 618 1885 sue
640 1821 692 1885 hit
714 1839 832 1902 awege
854 1819 965 1888 donne
986 1841 1025 1888 sc
1046 1822 1099 1890 hit
1124 1844 1169 1890 on
1197 1824 1251 1889 his

197 1921 325 1987 sawale
340 1941 404 1986 nas
418 1940 464 1985 on
476 1918 535 1984 des
550 1917 591 1984 se
606 1920 657 1985 hit
672 1921 741 1985 don
757 1920 833 1988 het..

662 2071 782 2084 m

625 2162 826 2230 CCXXX.

533 2295 810 2376 WERHARD,
836 2296 912 2362 832.

267 2419 433 2504 »panno
463 2419 655 2486 dominicae
688 2422 936 2488 incarnationis
965 2440 1145 2503 mcccxxx,
1174 2425 1250 2508 Ego

198 2522 413 2598 Werhardus
442 2522 497 2587 dei
527 2523 642 2605 gratia
664 2525 844 2606 presbyter
872 2523 925 2587 his
951 2523 1060 2588 literis
1090 2525 1249 2590 intimare

199 2623 300 2704 cupio
324 2623 498 2706 quomodo
516 2623 597 2689 uolo
622 2631 702 2706 post
725 2623 856 2688 obitum
879 2643 992 2688 mcum
1019 2626 1248 2690 substantiam

118 2732 120 2738 ’
199 2742 312 2787 meam.
332 2730 368 2788 et
389 2732 499 2788 terras
519 2723 683 2801 diuidere,
707 2743 806 2807 quaS,
821 2725 972 2790 donante
985 2724 1062 2803 deo,
1082 2733 1118 2791 et
1134 2725 1249 2791 Wulf·

199 2821 281 2888 redo
301 2824 560 2908 archiepiscopo
582 2824 775 2907 propinquo
797 2844 874 2890 meo
903 2825 1105 2904 auxiliante,
1128 2826 1249 2910 adqui·

199 2925 276 2988 siui.
330 2922 493 3007 Inprimis
509 2932 623 2989 autem
637 2943 715 2988 cum
728 2944 856 3008 magna
869 2926 1064 2990 humilitate
1078 2934 1113 2991 et
1129 2926 1249 2991 humili

198 3025 382 3090 deuotione
406 3025 511 3091 reddo
537 3025 723 3089 aecclesiae
747 3025 877 3091 Christi
905 3033 941 3090 et
965 3027 1155 3106 monachis,
1180 3027 1250 3091 fra·

198 3125 309 3189 tribus
323 3125 408 3190 meis
424 3125 549 3189 ibidem
566 3125 630 3190 deo
645 3126 885 3206 seruientibus
902 3145 1021 3191 omnes
1036 3135 1146 3193 terras
1157 3128 1250 3192 infra

199 3225 359 3290 Cantium
382 3233 417 3290 et
432 3233 544 3304 extra,
561 3245 649 3310 quas
664 3226 831 3292 hactenus
853 3227 962 3305 tenui,
977 3228 1127 3294 donante
1148 3248 1248 3312 prae·

198 3325 271 3391 fato
302 3324 557 3409 archiepiscopo
587 3333 622 3390 et
653 3327 890 3392 consentiente
911 3328 1090 3411 praedicta
1118 3329 1250 3394 familia

200 3425 340 3492 Christi.
393 3426 576 3508 Praecepit
590 3426 680 3490 enim
694 3427 778 3491 mihi
791 3427 882 3490 idem
892 3427 1170 3511 archiepiscopus
1183 3429 1249 3494 hoc

198 3525 252 3591 ita
273 3525 397 3603 facere,
411 3547 452 3591 eo
475 3526 567 3610 quod
591 3526 728 3590 easdem
750 3533 860 3591 terras
882 3527 927 3591 ad
942 3547 1028 3610 opus
1044 3528 1114 3591 iam
1128 3548 1248 3612 saepe·

198 3627 312 3692 dictae
339 3627 489 3691 familiae
517 3627 674 3704 eruisset,
696 3634 733 3692 et
761 3647 837 3691 cum
871 3647 999 3711 magno
1033 3628 1151 3694 labore
1188 3628 1251 3694 ad-

199 3728 392 3811 quississet‚
407 3748 471 3811 pro
490 3727 763 3792 remuneratione
786 3735 946 3794 aeternae
968 3729 1102 3794 salutis,
1146 3728 1248 3795 Haec

200 3835 315 3893 antem
342 3836 424 3894 sunt
453 3828 595 3894 nomina
620 3835 789 3892 terrarum
818 3848 906 3912 quas
927 3829 1043 3894 redde.
1107 3829 1249 3914 Hergas

201 3945 253 3994 .c.
269 3936 304 3992 ct
320 3945 407 3992 .1111.
417 3927 528 4009 hidas,
541 3927 701 3993 Otteford
714 3976 721 3993 .
734 3946 765 3994 c.
777 3927 888 4008 hidas,
898 3928 1084 3994 Grauenea
1096 3979 1106 3996 .
1118 3947 1248 3996 xxxn.

200 4029 310 4107 hidas,
334 4029 480 4095 -Buman
505 4079 514 4096 .
541 4045 660 4093 xn1111.
687 4028 797 4108 hidas,
825 4029 1011 4096 Oeswalun
1037 4078 1046 4095 .
1072 4049 1109 4096 x.
1136 4031 1248 4098 hidas.

200 4130 382 4208 Bereham‚
396 4150 501 4214 quam
523 4130 613 4194 idem
636 4129 912 4214 archiepiscopus
937 4139 974 4196 et
995 4131 1154 4196 monachi
1168 4150 1246 4196 aec-

199 4230 313 4296 clesiae
340 4228 471 4312 Christi
498 4231 581 4295 mihi
603 4231 771 4296 dederunt
792 4252 855 4314 pro
878 4230 1146 4298 commutatione
1177 4240 1246 4297 ter-
