3112 5032
323 420 394 486 184
578 433 750 482 curaris
773 431 1115 481 nuouosnxomcnn.

375 590 431 656 Ad
455 591 544 656 hano
566 609 703 673 quoque
723 599 851 656 terram
868 593 1043 675 pertinent
1064 591 1101 654 in
1124 587 1268 654 diuersis
1290 587 1373 651 locis

326 710 508 775 porcorum
530 700 664 775 pastuS,
682 692 717 755 id
739 699 793 756 est
816 693 1059 768 uuealdbaera,
1079 692 1139 754 ubi
1159 690 1284 754 dicitur
1299 686 1375 751 Ηο-

326 792 470 875 lenspie,
496 793 531 856 bi
554 790 661 856 silban
685 793 736 868 ee,
758 792 882 874 Eppan
904 792 1025 875 hrycg,
1048 811 1119 855 non
1142 790 1248 871 longe,
1267 790 1311 851 ab
1335 807 1374 851 eo

327 893 404 956 loco
421 892 568 973 Langon
590 892 710 974 hrycg.
756 891 924 973 Quisquis
948 912 1031 956 uero
1055 898 1177 955 contra
1200 889 1289 952 hanc
1316 889 1375 952 do-

328 991 480 1057 nationis
496 991 663 1057 cartulam
683 991 809 1056 callido
829 992 1049 1073 malignoque
1066 996 1218 1056 tractatu
1240 995 1377 1052 contra·

329 1092 379 1155 ire
403 1092 683 1175 praesumpserit,
705 1092 840 1155 nouerit
864 1110 914 1169 se,
940 1092 1096 1174 quisquis
1118 1091 1177 1154 ille
1198 1088 1314 1165 suerit,
1342 1088 1378 1151 in

330 1191 478 1256 discreto
506 1191 562 1255 dei
590 1192 717 1257 iudicio
743 1193 905 1256 sinistrae
934 1191 1043 1274 partis
1069 1191 1199 1254 socium
1228 1187 1314 1264 sore,
1344 1195 1379 1252 et

331 1311 352 1354 a
378 1290 507 1356 Christi
533 1298 567 1355 et
594 1292 649 1356 dei
680 1310 823 1374 corpore
849 1293 1086 1374 sanguineque
1115 1289 1378 1372 segregandum.

331 1391 498 1456 Manente
526 1391 591 1455 hac
619 1391 754 1456 cartula
784 1393 821 1454 in
857 1411 921 1456 sua
947 1391 1169 1455 nihilominus
1196 1389 1378 1468 firmitate3

331 1491 471 1574 propria
485 1492 590 1555 manu
604 1491 784 1574 signaculo
804 1493 914 1556 crucis
930 1491 1060 1556 Christi
1074 1489 1236 1555 roborare
1250 1489 1381 1566 curaui,

332 1599 367 1656 et
390 1598 497 1656 testes
519 1592 698 1673 religiosos
713 1598 748 1656 ct
763 1593 1030 1670 consentientes,
1043 1591 1079 1655 id
1100 1592 1213 1673 ipsum
1237 1596 1381 1671 agentes

195 1757 203 1767 „
331 1691 482 1769 adhibui,
498 1711 643 1774 quorum
665 1691 807 1756 nomina
826 1712 905 1756 cum
921 1692 1069 1776 propriis
1088 1690 1269 1755 cruciculis
1289 1689 1382 1753 infra

331 1792 548 1856 adnotentur.
613 1789 744 1857 Actum
781 1811 871 1857 anno
909 1792 1099 1857 dominicae
1134 1789 1383 1856 incarnationis

332 1893 592 1956 ooouxxxvui.
1377 1938 1382 1950 .

388 1994 428 2074 ιχ(
443 1991 519 2074 Ego
532 1991 611 2057 Offa
626 2010 689 2056 rex
701 1992 922 2072 Marciorum,
935 1992 1026 2057 hanc
1037 1992 1307 2075 suprascriptam
1321 1991 1384 2055 do-

336 2091 512 2156 natiouem
534 2112 646 2156 meam
662 2093 728 2156 hoc
744 2093 881 2174 signum
898 2093 1009 2158 crucis
1023 2094 1192 2176 impressi.
1249 2092 1288 2172 ιχ(
1308 2091 1385 2173 Ego

334 2189 474 2274 Ecgfrib
497 2212 559 2256 rex
583 2193 803 2272 Marciorum,
826 2195 926 2260 testis
947 2194 1164 2258 consentiens
1186 2191 1384 2274 subscripsi.

339 2293 378 2373 ιχ(
396 2291 472 2374 Ego
498 2291 675 2376 Cyuebryb
699 2294 819 2375 regina
843 2294 999 2359 consensi
1024 2300 1060 2357 et
1083 2292 1281 2374 subscripsi.
1339 2294 1379 2373 ιχ(

335 2392 411 2474 Ego
435 2392 675 2470 IaenberhtuS,
704 2394 819 2475 gratia
846 2395 902 2458 dei
931 2393 1222 2476 archiepiscopus
1247 2393 1385 2474 signum

334 2493 444 2556 crucis
469 2492 597 2557 Christi
619 2494 787 2576 impressi.
844 2497 884 2577 ιχ(
903 2494 979 2576 Ego
994 2492 1200 2577 Hygoberht
1216 2492 1385 2574 archiepi-

335 2612 460 2674 scopus
489 2593 687 2676 subscripsi.
749 2596 789 2676 ιχ(
805 2593 882 2677 Ego
907 2592 1070 2658 Ceoluulf
1096 2594 1278 2675 episcopus
1306 2585 1389 2656 sub-

335 2693 468 2775 scripsi.
526 2694 566 2774 ιχ(
585 2692 730 2775 Signum
753 2713 876 2758 manus
908 2694 1079 2758 Brordani
1108 2691 1284 2776 praefecti.
1342 2693 1383 2773 ιχ(

336 2792 479 2874 Signum
499 2812 622 2856 manus
639 2793 876 2858 Berhtuualdi.
934 2795 973 2875 ιχ(
990 2794 1135 2876 Signum
1146 2811 1269 2857 manus
1293 2791 1389 2855 Ead-

334 2892 439 2957 baldi.
497 2894 536 2974 ιχ(
554 2893 698 2976 Signum
714 2913 838 2958 manus
854 2894 1069 2959 Ceolmundi.
1086 2979 1089 2984 Ι

794 3191 931 3257 CLIII.

585 3340 716 3408 OFFA
745 3340 808 3405 OF
836 3337 1044 3418 MERCIA,
1067 3339 1143 3406 788.

396 3492 436 3572 ιχ(
452 3491 498 3554 ΙΝ
515 3489 651 3553 nomine
665 3489 723 3552 diii
738 3489 789 3552 nii
803 3487 864 3552 ihu
877 3485 949 3574 xiii.
1002 3489 1079 3570 Ego
1095 3487 1174 3555 offa
1188 3509 1251 3553 rex
1265 3492 1396 3555 mercii>

341 3591 404 3654 tibi
417 3590 578 3654 osberhto
594 3590 750 3654 ministro
765 3609 842 3654 mco
857 3596 961 3671 atque
976 3589 1079 3652 uxori
1093 3597 1173 3654 tuae
1198 3598 1234 3655 et
1256 3592 1287 3654 si
1308 3611 1395 3654 con-

341 3689 459 3771 tigerit
470 3698 510 3755 ut
523 3690 622 3754 uobis
635 3689 727 3753 filius
743 3697 804 3753 aut
817 3690 889 3752 filia
910 3688 984 3755 nati
998 3687 1129 3753 suerint
1149 3692 1249 3755 trado
1263 3698 1394 3756 terram

340 3791 425 3855 iuris
439 3791 507 3856 mei
521 3791 623 3855 unius
646 3791 754 3854 aratri
775 3791 812 3852 in
833 3789 1011 3872 prouincia
1032 3791 1167 3854 cantiae
1190 3791 1227 3854 in
1250 3787 1395 3872 regione

341 3898 525 3973 eastrgena
541 3890 600 3954 ubi
612 3891 809 3954 nominatur
816 3888 1051 3970 duningcland
1078 3889 1182 3954 Hanc
1192 3897 1307 3955 autem
1322 3899 1394 3955 ter·-

341 4009 416 4054 ram
439 3991 483 4054 ad
507 3991 596 4055 hanc
615 3991 846 4055 conditionem
868 3990 967 4053 uobis
989 3991 1139 4055 concedo
1163 4010 1241 4054 cum
1263 3993 1393 4056 omnib:

342 4091 385 4158 ad
400 4111 476 4154 eam
492 4092 557 4155 rite
571 4091 822 4173 pertinentibus
833 4136 976 4154 ......
988 4092 1136 4172 propriis
1148 4092 1302 4154 terminis
1313 4113 1393 4156 cum

341 4191 471 4274 campis
495 4193 633 4273 pascuis
658 4193 767 4274 pratis
792 4198 828 4262 et
850 4191 1045 4254 cumomni
1068 4191 1197 4256 tributo
1223 4192 1313 4274 quod
1337 4212 1393 4255 re-
