3112 5032
315 417 382 482 170
575 432 748 482 1111111111
770 431 1113 482 11111111111111.

316 611 383 674 quc
397 588 568 654 stabiliter
582 590 763 672 conposita
776 590 939 671 quatinus
961 589 1006 653 ad
1030 589 1276 654 monasterium
1289 597 1373 654 ante

316 691 531 754 nominatum
546 696 640 752 terra
653 689 715 753 illa
729 695 765 752 et
776 690 822 752 ad
835 688 1025 772 praefatam
1040 691 1242 754 aecclesiam
1258 690 1373 754 sancti

317 789 415 854 Petri
429 790 467 853 in
484 789 538 852 ius
561 789 836 853 aecclesiasticae
857 789 1027 852 libertatis
1051 789 1260 872 perdonabo,
1284 791 1371 854 libc-

316 896 395 953 rata
413 890 459 954 sit
479 889 524 953 ab
539 889 631 952 omni
644 888 826 953 exactione
839 907 959 970 regum
974 895 1010 952 et
1024 889 1217 971 principum
1231 908 1272 953 ac
1287 891 1371 954 sub·

190 981 195 992 '
315 989 467 1053 ditorum
481 989 646 1070 ipsorum,
660 989 780 1052 tamin
794 1007 956 1070 agrorum
970 987 1215 1053 donationibus
1228 988 1371 1053 111111·-

316 1107 433 1152 rarum
452 1088 693 1171 positionibus,
714 1087 751 1151 in
766 1088 1010 1170 omnipotentis
1033 1087 1088 1151 dei
1110 1089 1248 1153 nomine
1268 1106 1370 1170 prae·

315 1188 473 1271 cipimus,
484 1187 616 1252 tamdiu
631 1187 715 1252 fides
732 1187 930 1251 Christiana
942 1186 979 1249 in
994 1187 1193 1251 Brittannia
1205 1187 1373 1270 perdurat

316 1289 380 1351 sub
394 1286 544 1350 dominio
561 1305 602 1350 ac
627 1293 800 1369 potestate
822 1286 1026 1368 parentillae
1048 1304 1144 1350 meae
1166 1294 1271 1369 atque
1286 1307 1370 1369 cog-

316 1386 451 1450 nationi
479 1385 544 1450 rite
573 1405 636 1468 per
660 1385 886 1449 successionis
916 1385 1101 1449 haeredum
1128 1386 1220 1450 iusto
1250 1405 1371 1450 succe·

316 1484 470 1550 dentium
490 1490 690 1566 permaneat
703 1483 740 1546 in
753 1491 968 1567 perpetuum.
1021 1483 1227 1567 conscripta
1241 1493 1295 1550 est
1307 1504 1371 1549 au-

317 1592 387 1649 tem
399 1583 484 1647 haec
498 1583 639 1648 donatio
654 1583 787 1647 telluris
799 1602 823 1647 a
835 1603 891 1647 me
913 1591 948 1647 ct
970 1585 1015 1648 ab
1036 1584 1199 1666 episcopo
1217 1604 1258 1648 ac
1274 1586 1372 1667 prin·

316 1684 449 1765 cipibus
466 1682 551 1745 meis
574 1701 720 1764 quorum
741 1682 832 1746 infra
853 1682 954 1764 signa
970 1689 1005 1747 et
1019 1683 1160 1747 nomina
1182 1684 1370 1761 adnotabo,

317 1781 1008 1862 aetBragentforda,annoincarnationis
1018 1781 1369 1847 christianornm.

316 1881 504 1946 indictione
515 1881 630 1959 tertia,
640 1880 696 1945 die
710 1900 780 1964 quo
794 1883 910 1964 passio
921 1882 1033 1946 sancti
1047 1881 1209 1946 Mauricii
1222 1901 1245 1946 a
1259 1881 1370 1948 fideli-

316 1983 381 2045 bus
396 1981 601 2046 celebratur.

369 2084 411 2162 »14
430 2080 507 2161 Ego
523 2079 603 2144 Offa
623 2079 679 2143 dei
701 2080 791 2144 dono
813 2100 876 2145 rex
900 2080 990 2146 hanc
1011 2097 1121 2145 meam
1147 2078 1369 2144 donationem

316 2178 417 2261 signo
443 2186 585 2243 sanctae
615 2181 726 2243 crucis
756 2181 883 2244 munio.
941 2182 981 2261 »14
999 2180 1076 2262 Ego
1107 2178 1285 2264 Cyncbryd
1312 2180 1369 2244 dei

316 2280 431 2362 gratia
443 2278 564 2361 regina
577 2279 786 2344 Marciorum
802 2280 882 2344 huic
896 2279 1075 2343 donationi
1089 2279 1181 2361 regis
1196 2281 1369 2344 consensi.

319 2381 362 2461 »14
378 2380 454 2461 Ego
465 2379 719 2444 Iohanberhtus
733 2380 1011 2464 archiepiscopus
1024 2380 1192 2445 consensi.
1234 2380 1273 2459 »14
1291 2379 1369 2460 Ego

317 2478 535 2543 Eadberhtus
563 2479 745 2561 episcopus
774 2481 944 2544 consensi.
1001 2481 1041 2560 »14
1067 2478 1143 2560 Ego
1167 2477 1370 2544 Ceoluulfns

316 2577 499 2661 episcopus
522 2578 692 2643 consensi.
753 2580 793 2659 »14
812 2579 888 2661 Ego
910 2577 1071 2641 Tilherus
1088 2579 1270 2660 episcopus
1284 2597 1368 2642 con-

316 2677 421 2741 sensi.
477 2677 516 2756 »14
531 2676 676 2758 Signum
687 2695 809 2740 manus
826 2677 983 2742 Brordan
999 2677 1175 2759 principis.
1232 2678 1271 2757 »14
1288 2677 1368 2758 Sig-

315 2795 397 2838 num
412 2794 535 2840 mauus
551 2776 743 2842 Bcrhtuudi
757 2777 865 2841 ducis
923 2779 962 2858 »14
977 2776 1121 2858 Signum
1135 2794 1258 2840 manus
1273 2775 1368 2839 Ead-

315 2874 409 2938 baldi
422 2875 597 2958 principis.
654 2878 693 2958 »14
710 2877 854 2957 Signum
868 2894 991 2940 manus
1007 2875 1178 2940 Eadbaldi
1192 2875 1301 2940 ducis.

774 3167 910 3232 CXLI.

590 3316 611 3360 *
637 3312 781 3394 OFFA,
805 3315 891 3378 Dec.
907 3312 1001 3390 aoth,
1016 3311 1093 3376 781.

372 3462 477 3546 »1411
499 3463 636 3526 nomine
660 3461 790 3525 domini
819 3462 928 3526 nostri
956 3461 1062 3526 Ihesu
1086 3460 1236 3528 Christi!
1288 3463 1366 3546 Ego

314 3563 408 3641 Offa,
423 3563 479 3627 dei
492 3563 582 3626 dono
598 3581 661 3626 rex
677 3561 897 3638 Marciorum,
912 3560 1053 3642 dignum
1067 3561 1154 3626 duxi
1177 3569 1216 3626 ut
1237 3563 1367 3645 aliquid

316 3663 476 3746 quamuis
498 3663 611 3726 minus
627 3661 769 3742 dignum
790 3681 853 3743 pro
875 3661 1091 3725 absolutione
1112 3662 1247 3727 animae
1269 3682 1367 3727 meae

316 3783 362 3826 ex
376 3763 595 3845 perceptione
621 3761 749 3825 terreni
774 3760 871 3842 regni
891 3760 934 3823 ad
954 3761 1140 3825 utilitatem
1165 3761 1366 3828 aecclesias·

316 3863 406 3950 ticae
427 3863 597 3926 libertatis
620 3861 815 3925 tribuerem.
869 3859 1002 3924 Idcirco
1024 3868 1152 3925 terram
1174 3876 1267 3925 xvn.
1291 3880 1366 3926 ma·

244 4047 249 4051 ι
317 3962 484 4039 nentium,
506 3962 571 4026 hoc
594 3961 698 4025 estin
711 3959 890 4023 Homtune
913 3976 970 4023 x11
992 3961 1029 4024 11
1045 3959 1188 4024 Faehha
1208 3961 1308 4042 leage
1330 3979 1365 4040 v,

317 4081 421 4143 quam
445 4062 605 4126 uidelicet
628 4067 755 4124 terram
779 4057 995 4137 HadoreduS,
1010 4060 1148 4124 humilis
1171 4061 1365 4144 episcopua,

318 4161 496 4243 omnisque
515 4160 736 4242 congregatio
751 4159 852 4224 simul
871 4179 948 4224 cum
971 4180 1012 4224 eo
1033 4161 1071 4224 in
1086 4160 1365 4242 Uuigreceastre,
