3112 5032
436 425 607 475 curares
629 426 966 478 ANGLOSAontcAE.
1155 417 1220 482 227
1332 477 1335 482 .

562 633 822 724 cdxxxvi„

488 804 792 902 Arruntem,
815 805 890 870 eor.

221 979 260 1059 ›1‹
273 978 318 1042 ΙΝ
338 982 475 1046 nomine
494 982 625 1048 domini
642 983 699 1048 dei
718 984 854 1060 summi,
872 1003 935 1046 rex
948 1003 1079 1064 regum,
1100 984 1159 1065 qui
1179 986 1215 1048 in

164 1077 245 1141 altis
259 1078 394 1145 habitat
415 1090 451 1146 et
472 1083 638 1166 prospicit
652 1083 768 1148 omnia
789 1083 953 1148 caelestia
966 1089 1002 1147 et
1017 1084 1213 1150 terrestrial

164 1175 270 1242 Anno
292 1182 336 1244 ab
356 1182 595 1248 incarnatione
621 1181 774 1248 Christi.
790 1199 964 1248 necetur.
992 1182 1212 1250 Indictione.

165 1294 234 1343 x11.
249 1299 314 1361 ego
328 1279 518 1360 Aethelric,
532 1283 624 1348 filius
637 1265 895 1360 Aethelmundi,
910 1301 988 1348 cum
1001 1284 1233 1358 conscientia,

163 1379 323 1460 synodali
349 1382 519 1448 inuitatus
544 1383 588 1447 ad
608 1383 789 1468 synodum,
819 1389 855 1450 et
884 1384 922 1446 in
950 1383 1077 1448 iudicio
1106 1390 1212 1462 stare,

162 1477 198 1542 in
222 1479 299 1545 loco
324 1482 384 1563 q'ui
408 1483 534 1547 dicitur
555 1482 753 1560 clofeshoh,
775 1503 853 1547 eum
876 1483 973 1547 libris
994 1490 1031 1546 et
1052 1483 1154 1561 ruris·
1176 1485 1211 1550 id

161 1586 226 1656 est,
240 1590 299 1646 aet
312 1580 591 1666 Uuestmyneter,·
606 1582 699 1666 quod
713 1583 809 1667 prius
823 1582 1008 1665 propinqui
1022 1584 1090 1647 mei
1103 1584 1212 1648 tradi-

162 1678 287 1745 derunt
309 1681 394 1746 mihi
418 1691 454 1748 et
478 1683 708 1760 donauerunt,
731 1683 780 1747 ibi
810 1680 1066 1756 Aethelhardus
1097 1684 1210 1748 archi·

161 1780 343 1864 episeopus
366 1783 450 1847 mihi
473 1785 615 1865 regebat
634 1792 739 1866 atque
757 1783 982 1860 iudicem-at,
1006 1801 1085 1847 cum
1109 1785 1207 1848 testi·
1284 1867 1286 1871 v

162 1881 276 1945 monio
304 1879 486 1948 coenuulfi
519 1884 624 1965 regis,
653 1891 689 1948 et
716 1881 942 1965 optimatibus
978 1883 1064 1960 eius,
1092 1903 1208 1948 coram

160 1981 254 2044 omni
277 1982 423 2065 synodo,
445 1983 585 2066 'quaudo
608 1985 797 2066 scripturas
822 1997 917 2048 meas
939 1990 1207 2065 perscrutatam,

160 2086 200 2143 ut
222 2079 310 2145 liber
333 2085 444 2148 ‘essem
469 2087 596 2148 terram
614 2100 725 2148 meam
749 2090 854 2164 atque
874 2082 1009 2147 libellos
1023 2084 1106 2148 dare
1122 2103 1207 2166 quo-

161 2183 425 2262 cunqueuolui.
478 2183 609 2248 Postea
624 2182 870 2250 *commendaui
897 2183 1018 2246 amicis
1045 2183 1129 2246 meis
1162 2184 1207 2251 ad

159 2281 380 2359 seruiendum,
392 2284 533 2365 quando
544 2284 700 2366 quaesiui
723 2290 882 2349 sanctum
897 2279 1040 2346 Petrum
1056 2288 1091 2346 et
1106 2301 1207 2346 sane-

160 2386 234 2443 tum
251 2380 411 2461 Paulum,
425 2404 489 2466 pro
509 2383 659 2450 remedio
678 2383 813 2448 animae
831 2400 941 2459 meae,
955 2389 1003 2458 et,
1015 2382 1139 2445 iterum
1153 2401 1207 2447 me

159 2483 844 2566 reuertenteadpetriam,aecepiterrom
856 2500 978 2558 meam,
990 2489 1025 2546 et
1035 2483 1206 2564 praetium

158 2581 304 2660 reddidi,·
316 2584 417 2666 quasi
431 2591 513 2648 ante
526 2584 621 2666 pacti
632 2601 763 2659 sumus,
778 2588 814 2646 et
827 2581 961 2664 pacifici
974 2581 1138 2648 fuerimus
1161 2583 1205 2650 ad

157 2680 316 2746 inuicem.
354 2683 465 2748 Facta
474 2691 528 2748 est
540 2690 657 2750 autem
667 2690 748 2766 post
757 2701 887 2765 paueos
898 2699 1009 2746 annos
1020 2681 1090 2745 alia
1099 2700 1204 2766 syno-

158 2781 223 2845 dus
232 2781 426 2848 aetAolee.·
442 2783 543 2848 Tunc
550 2783 588 2848 in
595 2783 656 2848 illo
664 2782 798 2866 synodo
806 2799 923 2846 coram
931 2782 1114 2864 episeopis,
1123 2801 1204 2864 rege

157 2889 193 2946 et
200 2883 412 2966 principibus
420 2882 735 2961 eius,rememoraui
742 2880 1086 2964 pristinaelibertatis
1096 2901 1204 2959 meae,

158 3001 247 3064 quae
262 2983 345 3047 mihi
357 2991 438 3048 ante
447 2984 635 3048 iudicatum
647 2989 712 3060 est,
723 2990 759 3047 et
768 2998 847 3047 cum
856 2982 997 3047 lieentia
1006 3000 1124 3046 eorum
1134 2988 1204 3045 tes·

157 3081 288 3146 tifieaui
305 3084 342 3146 in
363 3083 537 3166 praesenti
558 3081 767 3159 testimonio,
784 3081 1070 3164 quemadmodum
1091 3101 1203 3146 meam

156 3180 403 3247 haereditatem
411 3184 494 3248 dare
504 3183 703 3260 noluissem,
715 3189 750 3246 et
760 3182 811 3246 sic
821 3182 913 3246 dixi:
939 3182 1203 3247 Haecsuntno-

156 3282 250 3347 mina
260 3283 398 3348 illarum
413 3291 593 3362 terrarum,
602 3303 692 3366 quae
705 3283 795 3348 dabo
811 3281 855 3345 ad
865 3282 990 3358 locum,
1005 3282 1066 3363 qui
1078 3281 1205 3346 dicitur

156 3381 361 3468 Deorhytst,
374 3404 437 3468 pro
459 3391 513 3448 nie
539 3391 574 3448 et
586 3382 843 3450 Aethelmundo
858 3390 957 3464 patre
972 3400 1059 3457 meo,
1076 3381 1106 3444 si
1118 3381 1203 3456 mihi

30 3495 33 3502 ’
155 3483 338 3566 contingat
352 3485 475 3550 utillic
492 3503 617 3566 corpus
626 3503 741 3548 meum
753 3483 965 3564 requiescat3
986 3479 1201 3557 Todnnhom,

156 3589 192 3646 et
213 3591 270 3648 aet
293 3584 407 3663 Stu're,
430 3584 603 3650 Sernefleh
629 3589 664 3647 et
691 3581 905 3658 Cohhanleh,
929 3579 1200 3657 (reconditione,

155 3690 195 3747 ut
225 3684 287 3747 illa
314 3685 537 3767 congregatio
569 3691 654 3748 uota
681 3702 800 3747 eorum
830 3680 937 3745 faciat
972 3679 1082 3757 firma,
1111 3680 1202 3744 sicut

153 3781 237 3846 mihi
258 3785 498 3865 promiserunt.
551 3783 683 3849 Iterum
695 3783 785 3847 dabo
802 3778 1012 3847 Uuaerferee
1027 3827 1035 3844 .
1051 3796 1104 3844 xl.
1127 3798 1201 3843 ma·

154 3882 310 3947 nentium
323 3883 654 3966 Bremes'graesanet
671 3882 899 3958 Feceanhonr,
913 3888 953 3944 ut
966 3879 1093 3944 habent
1101 3898 1200 3943 suum

153 3981 256 4059 diem,
279 3990 315 4048 et
336 3989 458 4066 postea
474 3983 599 4047 reddat'
611 3983 654 4046 ad
672 3982 853 4064 Unigorna
874 3987 1041 4058 ceastre*
1071 3977 1201 4052 Uerum

153 4081 259 4145 etiam
276 4084 321 4147 do
338 4131 347 4148 .
363 4099 461 4150 xxx.
486 4082 699 4147 manentium
721 4081 842 4146 Under
856 4078 940 4144 Ofre
965 4079 1009 4142 ad
1026 4076 1200 4142 Gleauue-

151 4189 274 4246 cestre.
320 4183 367 4248 Et
378 4184 516 4266 quando
531 4182 614 4246 mihi
624 4181 805 4263 contingat
815 4180 931 4244 exitus
941 4178 1009 4255 diei
1019 4178 1103 4321 ¹nqrei,
1118 4185 1202 4242 tune

1008 4287 1024 4321 0
