3112 5032
441 437 614 485 cererin
636 434 977 484 ANeuosaxochu.
1167 422 1245 488 2151

179 599 468 676 successoresque,
486 595 594 658 uestri
615 593 871 671 defendentia
893 600 1119 676 perpetuum
1143 614 1240 672 nunff,

181 713 284 778 quam
306 714 361 759 me
383 695 616 778 haeredesque
634 695 702 758 mei
724 702 845 758 contra
868 693 958 758 hanc
981 695 1150 759 cartulam
1173 694 1232 759 de-

179 795 377 878 scriptionis
390 803 530 860 nostrae
545 794 730 878 ahquando
744 813 819 858 esse
832 801 1009 859 uenturos.
1061 792 1119 858 Ad
1135 795 1232 860 cuius

180 896 355 959 cumulum
378 896 483 960 etiam
507 894 776 960 confirmationis
800 895 963 977 cespitem
983 894 1085 959 huius
1109 915 1232 977 supra·

180 996 292 1060 dictae
306 1003 419 1060 terrae
441 1015 546 1078 super
564 1003 724 1061 sanetum
738 995 849 1058 altare
870 995 1055 1059 saluatoris
1068 995 1181 1077 posui,
1195 1003 1231 1061 et

179 1097 320 1179 propria
334 1115 439 1160 manu
449 1116 513 1179 pro
524 1096 721 1178 ignorantia
734 1095 926 1160 litterarum
941 1095 1078 1176 signum
1089 1101 1231 1160 sanctae

180 1197 291 1261 crucis
312 1197 350 1259 in
371 1196 436 1260 hac
458 1196 593 1261 cartula
604 1196 781 1278 expressi;
805 1195 866 1260 sed
889 1201 924 1259 et
938 1193 1115 1277 Cynegiha
1136 1194 1228 1258 idem

178 1295 271 1374 fecit,
286 1297 526 1380 principesque
540 1296 607 1361 mei
628 1304 668 1360 ut
680 1297 757 1378 pari
778 1295 880 1358 modo
902 1295 1050 1377 propriis
1071 1295 1231 1359 manibus

178 1396 333 1461 facerent
354 1397 487 1477 rogaui,
502 1416 650 1479 quorum
672 1396 812 1459 nomina
833 1396 951 1459 subter
974 1395 1111 1458 adnexa
1134 1402 1228 1460 sunt.

180 1495 217 1559 Si
231 1497 321 1580 quis,
337 1497 429 1578 quod
443 1497 545 1574 absit,
562 1503 683 1561 contra
696 1495 786 1560 hanc
799 1495 970 1560 cartulam
984 1513 1006 1558 a
1020 1513 1075 1558 me
1088 1494 1229 1573 factam,

179 1617 257 1678 ego,
278 1596 442 1660 haeredes
462 1598 540 1675 mei,
563 1597 732 1661 contraire
748 1595 1054 1679 praesumpserint,
1069 1596 1230 1660 nouerint

179 1716 216 1760 sc
232 1716 254 1761 a
269 1697 531 1781 participatione
546 1698 699 1780 corporis
721 1703 756 1760 et
777 1696 957 1777 sanguinis
977 1695 1107 1758 domini
1123 1694 1229 1758 Ihesu

180 1795 310 1862 Christi
331 1816 407 1862 esse
433 1796 574 1875 alienos,
598 1804 634 1860 et
655 1816 677 1861 a
699 1803 801 1860 coetu
822 1796 975 1859 fidelium
996 1795 1229 1876 segregandos

180 1896 235 1960 hic
251 1897 337 1962 etin
357 1905 546 1962 aeternum.
578 1896 693 1976 Quam
708 1896 941 1979 saepedictam
961 1895 1130 1959 cartulam
1143 1895 1227 1958 scri·

178 1997 325 2062 bendam
346 1998 476 2062 dictaui
499 2005 533 2062 et
553 1998 627 2075 tibi,
643 2003 774 2079 pastor,
789 1996 844 2059 cui
867 2015 972 2078 supra
998 1995 1126 2059 tradidi
1147 2014 1228 2058 con-

179 2099 395 2163 seruandam.
443 2097 513 2161 His
526 2117 610 2162 uero
625 2096 813 2162 notissimis
828 2096 1042 2173 terminibus
1058 2102 1125 2159 etc.
1158 2092 1228 2158 Ac-

180 2204 253 2262 tum
280 2205 334 2262 est
359 2214 436 2261 xm.
462 2197 629 2262 kalendas
652 2195 817 2280 Augusti,
844 2196 1031 2261 indictione
1056 2212 1228 2273 V11‚anno

180 2299 280 2380 regni
295 2299 403 2362 nostri
418 2314 472 2362 111.

232 2400 272 2480 ᾧ
287 2398 432 2480 Signum
446 2417 569 2461 manus
583 2395 763 2460 Coenuulfi
778 2395 881 2476 regie.
938 2396 978 2476 ᾧ
995 2392 1140 2476 Signum
1154 2411 1228 2456 ma-

178 2517 244 2562 nus
272 2497 445 2564 Theodori
475 2498 638 2581 episcopi.
695 2499 735 2579 ᾧ
752 2495 897 2577 Signum
933 2512 1058 2558 manus
1081 2492 1229 2558 Adriani

179 2598 325 2663 abbatis.
384 2598 516 2680 ›1⁴Ego
539 2596 709 2662 Raehhun
736 2596 930 2678 episcopus.
987 2594 1118 2676 ›1⁴Ego
1147 2593 1229 2657 Piot

178 2699 251 2762 dux
278 2699 447 2764 consensi.
503 2700 543 2780 ιχ(
560 2697 637 2780 Ego
652 2695 756 2761 Teols
775 2695 848 2760 dux
869 2693 1038 2758 consensi.
1096 2693 1229 2775 ›14Eg0

180 2799 368 2883 Cynehelm
394 2799 485 2862 filius
513 2799 614 2880 regis.
674 2796 807 2879 ›14Ego
838 2793 1034 2860 Biornhard
1061 2794 1232 2859 minister.

184 2902 224 2982 »1⁴
241 2900 316 2983 Ego
332 2898 525 2964 Ealhheard
542 2897 717 2962 diaconus

642 3072 764 3084 ..ιι-σ-

566 3189 827 3258 cnxxvnr.

342 3347 363 3391 *ι
389 3308 636 3410 ninnunfl
662 3338 726 3402 os
749 3335 971 3413 wnssnx,
994 3334 1070 3398 sor.

233 3499 272 3578 ›1‹
287 3495 491 3560 Rneunurs
517 3491 769 3573 imperpetuum
795 3483 933 3549 domino
965 3486 1088 3547 nostro
1122 3481 1229 3547 Ihesu

179 3597 329 3674 Christo,
343 3603 380 3660 et
394 3594 478 3657 haec
487 3588 691 3674 temporalia
704 3594 817 3650 terrae
832 3601 940 3665 regua
951 3582 1153 3664 cuicumque
1168 3602 1230 3646 uo-

176 3698 280 3763 luerit
291 3693 532 3779 dispensante!
585 3689 662 3771 Ego
674 3687 838 3751 Edbirtus
851 3677 932 3748 rex¹
948 3681 1067 3746 eodem
1080 3682 1231 3746 donante

177 3797 439 3863 occidentalium
461 3793 639 3858 Saxonum
653 3787 818 3869 Eadgilso
838 3784 997 3848 ministro
1008 3802 1084 3845 meo
1096 3783 1142 3845 ob
1156 3782 1230 3846 eius

178 3897 324 3962 amabile
335 3895 588 3978 obsequiumet
596 3889 730 3954 fidelem
740 3886 955 3961 famulatum,
966 3890 1094 3948 terram
1105 3879 1231 3964 uiginti

177 3997 393 4062 mansionum
414 3997 451 4059 in
476 3995 553 4058 loco
576 3991 635 4074 qui
655 3989 780 4053 dicitur
802 3983 1076 4065 Bodecanleage,
1101 3982 1232 4046 insolu-

176 4100 238 4165 bili
256 4099 330 4162 iure
350 4095 416 4162 sibi
442 4095 584 4177 suisque
605 4089 822 4163 haeredibus,
845 4087 889 4150 ab
907 4084 1000 4148 omni
1022 4083 1131 4164 regali
1150 4081 1233 4146 fisco

500 4219 508 4248 ¹
526 4219 654 4280 Probably
669 4215 792 4266 Etdburh
803 4214 899 4275 regine.
