3112 5032
337 403 402 470 148
592 416 763 466 curares
787 415 1127 465 nnonosnxorucnu.
1200 465 1205 476 ,

342 583 401 643 aet
424 573 672 656 Eulangelode‚
696 574 756 655 qui
777 573 865 638 situs
879 573 983 638 estin
996 575 1156 640 orientali
1171 585 1271 658 parte
1286 576 1399 656 fluuii*

342 677 402 761 qui
418 675 616 740 nominatur
625 674 771 751 Bladen‚
786 693 849 757 pro
861 681 1002 739 aeterna
1017 675 1130 740 salute
1140 696 1237 741 meae
1248 677 1398 755 animae·

342 777 549 861 quandoque
561 776 598 839 in
612 773 729 839 futuro
751 775 856 838 dante
870 774 935 838 deo
950 775 1011 856 [ad
1030 777 1277 842 monasterium
1292 797 1401 844 uoca-.

344 877 427 942 bulo
444 882 502 940 aet
517 875 711 952 Breodune,
730 881 810 956 post
828 873 960 937 obitum
982 874 1122 940 Ridtlan
1136 883 1171 940 et
1187 879 1308 942 uxoris
1323 879 1397 943 eius

348 978 530 1058 Bucggan‚
543 974 691 1038 ministri
705 972 783 1050 mei,
797 973 854 1038 uel
873 973 964 1037 filiae
986 976 1060 1039 eius
1076 974 1277 1060 Heaburge,
1291 979 1328 1042 in
1342 979 1397 1043 ius

347 1077 437 1142 ruris
461 1073 719 1152 aecclesiastici,
740 1073 965 1138 libentissime
986 1075 1182 1156 perdonans
1200 1075 1398 1160 concedo]l

348 1177 439 1242 Sunt
455 1182 572 1238 autem
594 1173 731 1238 termini
752 1174 841 1237 ruris
862 1172 955 1236 illius
974 1175 1012 1237 in
1033 1175 1193 1241 orientali
1207 1178 1313 1261 plaga
1327 1185 1398 1245 etc.

350 1273 630 1342 Condonantium
649 1293 732 1338 uero
755 1280 791 1338 et
812 1274 1101 1340 consentientium
1122 1277 1224 1358 signa
1246 1278 1349 1357 infra,
1366 1289 1401 1346 et

349 1375 491 1442 nomina
504 1376 568 1438 sub
582 1373 780 1438 testimonio
794 1373 923 1438 maiore
938 1375 1140 1458 perscripta,
1155 1380 1295 1442 notabo.

405 1475 540 1558 ›14Ego
564 1473 643 1538 offa
665 1494 729 1537 rex
751 1474 841 1538 hanc
867 1493 978 1538 meam
1001 1475 1271 1542 munificentiam
1299 1478 1402 1562 signo

352 1576 464 1640 crucis
478 1574 607 1639 munio.
665 1576 704 1656 ›1‹
719 1574 795 1654 Ego
811 1573 1028 1639 Eadberbtus
1037 1576 1218 1660 episcopus
1233 1580 1403 1646 consensi.

359 1678 398 1760 ›1‹
419 1676 495 1756 Ego
510 1673 667 1738 Berthun
683 1673 876 1755 episeopus
934 1676 973 1756 ›1‹
990 1675 1066 1757 Ego
1078 1676 1195 1741 Deora
1210 1680 1403 1763 episcopus

352 1777 400 1858 ›1‹
419 1774 565 1856 Signum
592 1791 716 1837 manus
743 1773 972 1837 Berbtuualdi
1001 1777 1204 1858 presbyteri.
1261 1781 1300 1861 ›1‹
1328 1781 1405 1862 Ego

357 1873 561 1939 Uuermund
586 1872 779 1956 episcopus.
837 1875 876 1955 ›1‹
896 1874 973 1955 Ego
999 1874 1191 1942 Ealdberbt
1213 1879 1406 1962 episcopus.

359 1976 401 2056 ›1‹
432 1973 577 2056 Signum
599 1992 723 2037 manus
747 1972 846 2037 Cudd
875 1973 1021 2039 abbatis.
1078 1977 1117 2057 ›1‹
1147 1976 1225 2060 Ego
1248 1978 1413 2044 Ceoluuls

354 2074 568 2167 episcopus.¹
607 2075 646 2155 ›1‹
666 2073 742 2155 Ego
756 2072 932 2138 Botuuinc
951 2075 1144 2159 episcopus.
1202 2081 1241 2161 ›1‹
1260 2079 1406 2162 Signum

357 2192 479 2238 manus
493 2171 840 2256 Brordanprincipis.
1395 2231 1397 2236 ,

407 2270 684 2356 [Consenserunt
697 2279 733 2338 et
754 2273 1031 2356 subscripserunt
1051 2275 1119 2341 uiri
1137 2277 1350 2360 praesignati
1371 2280 1410 2344 in

356 2373 446 2451 loco,
468 2372 528 2456 qui
563 2372 734 2438 nominari
759 2373 849 2437 solet
869 2373 1050 2456 pluraliter
1072 2376 1296 2443 Godmundes
1320 2381 1407 2458 leas,

356 2473 511 2538 libellum
525 2472 630 2538 istum
643 2494 652 2552 3
679 2472 838 2555 signatur
854 2493 946 2539 anno
962 2475 1006 2538 ab
1025 2475 1262 2543 incarnatione
1277 2478 1409 2545 Christi

358 2590 549 2640 uccnxxu.
602 2572 728 2638 Indict.
743 2565 857 2640 xruffl.

811 2868 960 2934 CXXI.

767 3016 911 3097 OFFA,
925 3019 1002 3083 774.

420 3169 459 3249 ›1‹
477 3166 522 3232 IN
549 3169 687 3233 nomine
711 3166 771 3232 iliu
789 3164 850 3254 xpi
864 3168 1050 3233 saluatoris
1077 3169 1196 3233 mundi
1217 3170 1277 3252 qui
1301 3177 1355 3234 est
1378 3179 1415 3236 et

365 3269 425 3350 qui
445 3275 520 3332 erat
545 3276 581 3332 et
595 3268 654 3351 qui
673 3274 839 3332 uenturus
862 3275 915 3332 est
931 3317 939 3332 .
955 3287 1018 3351 per
1038 3287 1140 3351 quem
1164 3289 1264 3352 reges
1288 3279 1416 3353 regunt

364 3375 400 3433 et
411 3367 571 3432 diuidunt
584 3387 693 3449 regna
701 3375 882 3431 terrarum.
916 3367 1017 3432 Sicut
1025 3368 1242 3452 dispensator
1252 3371 1414 3436 uniu'erse

364 3476 457 3577 terrp
473 3467 557 3531 mibi
570 3467 745 3532 distribuit
759 3468 911 3532 secundi
924 3469 1084 3533 mensuris
1096 3487 1159 3568 sue
1172 3469 1274 3580 pprie
1289 3437 1414 3536 uoluni

403 3634 412 3667 ¹
430 3637 461 3685 In
472 3637 545 3700 place
556 3637 586 3686 of
599 3637 641 3685 the
658 3636 745 3688 clause
762 3635 876 3685 between
901 3635 986 3696 tionis,
1005 3639 1039 3698 et,
1059 3641 1117 3696 post
1134 3635 1232 3685 dierum
1249 3652 1336 3686 eorum
1355 3653 1414 3688 con·

367 3705 495 3768 brackets,
521 3707 565 3756 the
587 3706 655 3756 third
678 3707 735 3756 Ms.
756 3706 876 3767 reads‚—
901 3707 1048 3768 elusionem,
1056 3705 1415 3770 etiamruspraenominatum

367 3777 384 3806 ‘⁴
397 3777 511 3838 Riddun‚
521 3776 591 3828 fideli
600 3791 656 3826 meo
666 3776 878 3838 ministratrice
902 3791 960 3828 cum
981 3776 1046 3826 libro
1068 3775 1245 3837 descriptionis
1270 3778 1358 3840 buius,
1379 3779 1414 3828 ad

365 3847 434 3899 ruris
444 3847 627 3900 aecclesiastici
639 3846 805 3900 libentissime
821 3861 879 3908 per·
901 3846 1089 3906 monasterium,
1100 3846 1169 3906 quod
1178 3847 1321 3900 nominatur
1334 3849 1415 3898 Breo·

367 3917 464 3967 donans
480 3917 605 3966 concedo:
622 3917 670 3966 hac
689 3921 772 3966 umen
792 3915 878 3965 condi·
902 3915 1261 3966 duninHuicciareddatur.’'
1277 3917 1415 3966 Thisthird

367 3988 435 4038 tione
458 3987 614 4050 interposita,
635 3992 666 4036 ut
686 3987 785 4036 dierum
808 3986 878 4034 illius
904 3988 960 4036 MS.
976 3986 1023 4036 has
1039 3985 1094 4035 also
1106 3987 1414 4047 impertinentvarietions

362 4059 481 4120 termino,
488 4057 626 4119 uxorisque
637 4071 699 4112 suae
707 4059 824 4118 Bergan,
832 4071 878 4106 nec
902 4057 929 4104 in
940 4056 982 4108 the
993 4055 1069 4108 forms
1080 4055 1109 4106 os
1112 4056 1155 4108 the
1163 4058 1356 4119 subscriptione,
1363 4059 1415 4108 and

367 4141 417 4176 non
444 4129 520 4176 etiam
547 4127 614 4177 filiae
636 4129 692 4177 eius
715 4127 879 4188 Heaburgae,
903 4125 945 4174 the
967 4126 1026 4174 final
1048 4139 1157 4190 passage
1184 4125 1303 4179 enclosed
1324 4128 1415 4179 within

367 4195 476 4248 babeant
494 4202 585 4246 terram
602 4197 672 4251 illam
691 4198 747 4247 iure
765 4197 878 4247 domine·
902 4195 1028 4246 brackets.
