3188 5032
483 451 654 502 cunam
678 447 1019 498 Ancmsaxotssclu.
1213 435 1279 501 107
1379 479 1383 486 .

226 656 229 661 -
280 619 320 698 »14
340 633 406 696 ego
420 609 568 676 eadbald
581 609 656 674 dux
673 627 769 673 cons.
784 615 820 673 et
834 610 953 674 subs.'
1058 633 1060 638 ·
1099 633 1106 642 ‘
1161 614 1165 620 '
1218 613 1225 620 ”
1270 665 1273 673 ,

280 717 320 796 »14
340 733 407 797 ego
422 710 540 776 bercul
554 710 628 774 dux
644 728 739 774 cons.
756 716 791 773 et
806 709 901 773 subs.

282 819 321 898 »14
341 833 407 896 ego
422 810 612 894 cyneberht
627 828 722 874 cons.
738 816 775 872 et
786 810 862 874 sub.

281 918 321 997 »14
341 933 407 995 ego
422 910 620 976 freotboriic
635 927 731 974 cons.
746 915 782 973 et
794 909 889 973 subs.

282 1018 321 1097 »14
340 1033 406 1096 ego
422 1011 599 1076 wermund
616 1010 723 1074 abbas
739 1027 834 1073 cons.
852 1016 888 1074 et
902 1008 997 1073 subs.

282 1117 322 1199 »14
341 1133 407 1197 ego
421 1111 576 1176 cuthraed
590 1111 698 1176 abbas
713 1127 808 1174 cons.
825 1115 860 1172 et
874 1109 968 1172 subs.

282 1218 322 1297 »14
343 1233 409 1296 ego
425 1214 520 1277 buna
533 1212 640 1280 abbas
654 1229 750 1278 cons.
766 1215 802 1274 et
818 1203 915 1274 subs.

692 1368 813 1402 *¹

466 1469 471 1480 ’
593 1502 867 1570 uxxxvnr.

456 1646 478 1689 *
501 1649 843 1730 unumunurn,
866 1651 1052 1717 uo-rra

284 1804 324 1886 »14
342 1798 636 1879 Ecerthilbald
647 1800 767 1865 diuina
774 1800 965 1884 inspirante
980 1801 1168 1884 gratiarex
1177 1800 1282 1872 Suth:

233 1904 415 1987 anglorum
437 1893 566 1965 terram
589 1918 668 1965 vui.
683 1909 898 1965 cassatorum
921 1921 1011 1984 quae
1030 1922 1157 1968 nomen
1178 1901 1284 1968 babet

230 2013 289 2070 aet
309 2000 586 2079 Baecoeshoran,
604 2021 668 2084 pro
694 2001 929 2083 redemptione
951 2002 1087 2066 animae
1111 2022 1221 2081 meae,
1243 2010 1284 2067 ut

231 2105 277 2168 sit
307 2103 391 2167 iuris
418 2101 676 2179 aecclesiastici,
703 2102 980 2172 reuerentissimo
1003 2102 1165 2187 episcopo
1181 2103 1283 2167 Uuil-

230 2203 320 2268 frido
335 2203 482 2267 libenter
496 2201 645 2283 largitus
668 2220 765 2281 sum;
789 2202 881 2268 notis
903 2201 988 2266 haec
1006 2209 1099 2268 terra
1117 2202 1285 2267 limitibus

232 2307 276 2368 ab
297 2303 374 2367 aliis
397 2303 493 2367 litem
516 2299 679 2365 disceruit
692 2300 798 2382 agris,
812 2301 940 2364 montis
957 2301 1001 2364 ad
1017 2303 1193 2367 meridiem
1207 2323 1285 2367 uer·

232 2423 292 2468 sus
302 2402 396 2467 haud
410 2413 556 2485 paruam
567 2401 700 2466 obtinet
714 2407 861 2483 partem,
876 2400 920 2464 ad
933 2401 1100 2466 orientem
1116 2403 1174 2466 uia
1189 2401 1286 2484 regia

230 2512 333 2587 septa
355 2503 399 2568 ab
422 2501 583 2585 aquilone
599 2500 797 2566 fluuialibus
811 2501 961 2583 cingitur
974 2502 1088 2579 undis,
1101 2501 1285 2584 paludibus

233 2604 347 2687 dyssis
360 2603 465 2666 certis
480 2601 688 2666 determinat
702 2600 809 2664 illam.

289 2705 328 2784 »14
344 2702 422 2784 Ego
449 2698 651 2766 Aethilbald
673 2721 736 2764 rex
758 2719 870 2764 meam
892 2700 1112 2766 donatiouem
1135 2722 1200 2784 pro
1224 2700 1286 2765 dos

234 2804 327 2867 mino
341 2802 470 2866 factam
490 2800 669 2883 signaculo
685 2800 941 2865 sacratissimae
966 2801 1078 2866 crucis
1108 2803 1286 2867 confirmo.

240 2905 279 2984 »14
294 2904 371 2984 Ego
379 2897 583 2966 'Uualhstod
599 2903 780 2985 episcopus
796 2901 997 2985 subscripsi.
1046 2901 1086 2983 »14
1097 2902 1174 2986 Ego
1185 2902 1286 2967 Uuil·

232 3003 323 3070 fritb¹
349 3001 547 3083 subscripsi.
613 3002 653 3084 »14
676 3001 753 3084 Ego
783 2999 861 3065 Oba
889 3003 1088 3084 subscripsi.
1153 3005 1192 3084 »14
1210 3002 1287 3085 Ego

236 3102 406 3168 Aetbilric
421 3100 622 3183 subscripsi.
676 3100 717 3181 »14
732 3099 809 3182 ligo
824 3101 973 3184 Sigebed
988 3103 1186 3187 subscripsi.

647 3396 884 3462 LXXXIX.

485 3543 827 3621 AETHILBALD,
848 3540 1041 3607 716-743.

294 3695 396 3778 ›1⁴1n
418 3695 556 3760 nomino
576 3700 721 3759 sanctae
734 3690 938 3756 Trinitatis!
990 3688 1054 3754 Ait
1068 3690 1159 3754 enim
1175 3687 1290 3772 Apos-

236 3796 353 3860 tolus:
381 3795 480 3860 Nibil
502 3795 683 3860 intulimus
702 3794 739 3857 in
762 3794 853 3856 bunc
872 3791 1049 3869 mundam,
1071 3811 1134 3855 noc
1157 3788 1291 3854 auferre

239 3896 322 3978 quid
337 3915 544 3978 possumus3
567 3902 604 3959 et
626 3896 750 3959 beatus
772 3893 856 3958 Iob:
882 3891 1008 3956 Nudus
1032 3909 1192 3972 egressus
1214 3909 1291 3954 sum

239 4016 284 4060 ex
298 4002 398 4060 utero
416 3997 550 4073 matris,
575 4006 611 4059 et
633 3994 745 4058 nudus
767 3998 924 4057 reuertar
945 3992 981 4055 in
1003 3998 1141 4056 terram.
1194 3989 1292 4068 Qua-

239 4102 381 4179 propter
402 4116 467 4179 ego
488 4093 743 4171 Aethilbaldus,
765 4113 828 4157 rex
843 4089 1063 4156 Australium
1086 4087 1293 4173 duplorum,

239 4197 445 4263 breuitatem
469 4196 563 4261 uitae
585 4195 687 4260 huius
708 4193 943 4270 considerans,
965 4198 1000 4256 et
1023 4191 1115 4275 quod
1139 4191 1292 4256 cumbis
