3134 5030
331 367 397 432 256
586 378 759 428 curnula
782 376 1125 426 nuouosnxouronn.

307 561 312 572 ·
379 537 429 618 -ιῙι
452 537 528 618 Ego
546 535 696 602 Uuilfrid
710 535 905 620 episcopua.

388 637 429 718 ⁸1⁴
448 637 524 719 Ego
541 636 740 700 Deneberbt
753 635 947 720 episcopus.

390 738 430 819 ›1‹
450 737 526 819 Ego
540 736 717 802 Eadberbt
730 736 897 801 minister.

390 837 430 918 ›1‹
451 836 527 919 Ego
542 835 740 902 Uualdbere
755 835 922 900 minister.

802 1011 925 1024 ——

795 1128 933 1195 ocur.

557 1245 840 1358 cosumus,
864 1280 1056 1360 neeaotu,
1071 1279 1147 1346 sn.

390 1431 430 1512 »1⁴
459 1428 504 1494 Iu
535 1428 673 1494 nomine
703 1428 759 1493 dei
784 1428 925 1508 excelsi,
953 1427 1013 1512 qui
1041 1435 1094 1493 est
1123 1447 1203 1512 spes
1233 1427 1388 1494 omnium
1438 1434 1441 1440 '

336 1531 456 1595 finium
481 1537 571 1595 terre
598 1536 634 1594 et
662 1529 699 1593 in
727 1529 815 1592 mari
833 1528 948 1612 longe.
1001 1528 1077 1609 Ego
1105 1526 1289 1608 coenuulf,
1312 1531 1387 1594 eius

334 1629 500 1696 melliflua
515 1629 629 1713 gratia
642 1627 812 1711 largiente
829 1649 893 1693 rex
907 1627 1129 1707 Merciorum,
1140 1631 1222 1694 'cum
1242 1631 1388 1695 consilio

335 1739 372 1796 et
385 1750 556 1795 consensu
577 1729 783 1814 optimatum
793 1748 947 1794 meorum
957 1748 1104 1811 quorum
1118 1729 1211 1794 infra
1220 1739 1390 1796 caraxata

335 1838 419 1895 sunt
442 1829 625 1907 uocabula,
647 1849 724 1894 meo
747 1827 841 1893 fideli
863 1835 968 1912 atque
990 1828 1180 1894 uenerabili
1212 1831 1387 1914 episcopo,

337 1929 570 2008 Daneberbto,
584 1936 688 2013 atque
705 1929 779 1994 eius
795 1928 1048 2012 familiaequae
1061 1929 1130 1994 sita
1147 1927 1250 1995 estin
1268 1929 1387 1996 Uueo·

336 2030 497 2113 genuensi
519 2029 661 2094 ciuitate
683 2029 821 2120 illorum
839 2045 907 2094 xu.
931 2028 1108 2093 bominum
1129 2038 1280 2113 pastum,
1297 2050 1388 2114 quae

335 2131 401 2196 rite
426 2129 470 2194 ad
492 2129 588 2194 illam
609 2129 787 2194 ciuitatem
808 2128 995 2212 pertinent,
1009 2136 1046 2194 et
1060 2129 1105 2193 ad
1127 2129 1197 2195 alia
1211 2149 1301 2213 quae
1321 2133 1387 2195 sub

335 2232 410 2295 eius
433 2237 516 2295 sunt
540 2236 713 2313 potestate
742 2227 953 2310 monasteria
974 2230 1176 2308 constituta,
1197 2230 1387 2296 liberaliter

336 2350 486 2414 perenne
507 2329 669 2395 concedo.
722 2327 816 2408 Quia
836 2329 894 2394 ille
917 2329 1099 2415 episcopus
1114 2337 1150 2395 et
1165 2330 1239 2396 eius
1252 2329 1386 2396 familia

334 2431 470 2496 ciuitati
493 2428 772 2512 Uueoge'rnensis
793 2428 878 2492 mibi
901 2427 937 2493 in
963 2438 1164 2514 perpetuam
1191 2430 1387 2496 baeredita-

336 2538 408 2596 tem
427 2547 511 2595 x111.
534 2536 715 2595 manentes
748 2529 974 2594 tradiderunt.
1027 2528 1108 2595 Hoc
1132 2537 1187 2595 est
1209 2539 1387 2599 monaste-

335 2631 423 2695 rium
438 2630 530 2713 quod
553 2630 750 2694 nominatur
765 2629 987 2694 Bituinaenm
1010 2647 1065 2695 111.
1084 2638 1275 2710 manentes,
1290 2640 1327 2697 et
1349 2633 1387 2696 in

334 2730 538 2796 occidentali
562 2730 669 2814 plaga
686 2728 837 2794 fluminis
864 2728 1030 2794 Sabrinae
1052 2745 1092 2794 x.
1115 2738 1151 2796 et
1174 2732 1224 2795 sic'
1250 2731 1387 2796 firmam

334 2851 455 2915 paoem
477 2838 581 2914 atque
606 2828 836 2913 placationem
858 2828 949 2893 inter
970 2849 1046 2909 nos,
1059 2831 1212 2895 omnium
1232 2825 1386 2916 undique

334 2931 498 3000 discussis
532 2929 763 2995 conuitiorum
806 2928 1006 3008 obstaculis,
1041 2929 1221 2997 constituti
1253 2952 1385 2997 sumus.

334 3029 428 3096 Acta
442 3089 445 3092 .
460 3037 514 3095 est
545 3037 661 3095 autem
678 3029 777 3094 baec
809 3028 952 3094 donatio
988 3049 1081 3095 anno
1110 3048 1300 3097 noooxnu.
1330 3033 1386 3096 in-

334 3129 484 3195 dictione
498 3147 573 3210 ,v11.
596 3129 634 3194 in
657 3130 734 3194 uico
760 3127 981 3194 celeberrimo
1002 3130 1062 3213 qui
1084 3138 1231 3196 uocatur
1255 3130 1385 3199 Tomo-

335 3230 507 3312 uuorilig.
533 3229 588 3294 die
612 3233 682 3293 v11.'
701 3228 750 3292 kl.
776 3227 944 3307 Ianuarii,
969 3230 1206 3313 regniautem
1221 3229 1339 3296 nostri
1362 3253 1391 3298 a·

334 3329 399 3394 deo
411 3328 566 3394 concessi
581 3331 701 3394 xv111⁰.
716 3348 819 3394 anno.
873 3328 1003 3411 Siquis
1028 3337 1145 3395 autem
1166 3330 1256 3396 banc
1279 3331 1384 3397 liber·

335 3436 442 3496 tatem
472 3437 625 3494 nostram
654 3447 793 3494 seruare
821 3428 878 3493 uel
908 3447 1035 3512 augere
1064 3430 1225 3511 uoluerit,
1255 3440 1385 3515 augeat

335 3528 552 3613 omnipotens
566 3529 639 3594 dies
655 3547 743 3594 ,suas
764 3529 821 3592 bic
844 3528 928 3594 etin
944 3528 1202 3612 sempiternum.
1254 3524 1292 3597 Si
1304 3532 1385 3615 quis

334 3637 451 3694 autem
465 3629 579 3694 hocin
596 3628 712 3712 aliquo
727 3628 887 3711 frangere
907 3629 964 3694 uel
978 3628 1132 3695 minuere
1147 3629 1384 3714 temptauerit,

333 3730 423 3796 sciat
445 3749 483 3794 se
505 3736 715 3812 separatum,
729 3729 929 3807 alienatum,
953 3736 1057 3812 atque
1078 3731 1340 3796 anathematum
1361 3752 1385 3796 a

333 3829 398 3894 deo
423 3837 528 3912 atque
551 3828 708 3894 omnibns
729 3828 859 3893 sanctis
878 3829 916 3891 in
937 3828 993 3894 die
1011 3830 1180 3896 tremendi
1198 3829 1384 3912 examinis,

333 3929 401 3994 nisi
427 3935 508 3994 ante
531 3927 587 3993 bic
609 3948 687 3992 cum
711 3927 948 3994 satisfactione
976 3929 1221 3996 emendauerit.
1276 3930 1383 3998 Hanc

333 4028 503 4094 libertatis
517 4028 739 4094 donationem
754 4028 921 4093 dominice
934 4027 1184 4096 incarnationis
1199 4050 1244 4096 an
1262 4079 1382 4100 .....

373 4129 427 4210 ·›1⁴
444 4128 521 4210 Ego
539 4126 714 4194 Coenuulf
720 4147 784 4193 rex
799 4128 1021 4210 Marciorum,
1035 4149 1119 4203 cum,
1129 4132 1260 4197 uirtute
1282 4152 1384 4198 sanc·
