3188 5032
314 439 358 501 74
570 447 742 498 cananis
766 443 1110 497 ansrosaxorucau.

770 668 914 736 LXIV.

639 837 660 879 *
684 833 951 912 ECGUUJNI,
973 834 1050 900 714.

371 1005 410 1084 ›1‹
432 1001 510 1068 Eso
541 1000 718 1084 Ecguinus
751 1000 975 1066 Unicciornm
1005 999 1146 1065 humilis
1174 1001 1369 1084 episcopus,

315 1103 396 1175 uolo
409 1101 630 1166 manifestare
645 1101 804 1165 omnibus
817 1101 976 1166 fidelibus
989 1100 1132 1179 Christi,
1143 1102 1291 1185 qualiter
1306 1121 1368 1185 per

317 1203 431 1270 sancti
446 1202 587 1284 spiritns
601 1201 875 1284 inspirationem,
898 1209 934 1266 et
947 1221 1010 1285 per
1022 1202 1160 1265 labores
1183 1202 1368 1266 multarum

316 1310 353 1368 et
373 1321 579 1386 magnarum
600 1301 784 1378 nisionnm,
805 1309 982 1366 ostensum
1002 1311 1056 1369 est
1077 1301 1173 1379 mihi,
1188 1303 1280 1385 quod
1302 1321 1368 1384 ego
1406 1307 1416 1380 j

315 1403 462 1486 primum
477 1421 583 1484 unum
598 1401 711 1466 locum
731 1402 911 1466 aedificare
927 1402 1099 1479 deberem,
1114 1401 1159 1465 ad
1173 1401 1309 1466 laudem
1332 1409 1368 1468 et

312 1503 461 1584 gloriam
479 1503 722 1584 omnipotentis
740 1501 806 1579 dei,
820 1509 855 1566 et
872 1509 1014 1566 sanctae
1033 1501 1179 1578 Mariae,
1199 1502 1366 1566 omnium-

315 1621 384 1684 que
403 1602 589 1668 electorum
606 1600 758 1682 Christi3
782 1610 818 1666 et
839 1603 944 1667 etiam
965 1601 1048 1668 mihi
1063 1602 1107 1665 ad
1124 1610 1299 1667 aeternam
1314 1619 1367 1667 re-

317 1703 548 1766 tributionem.
601 1702 688 1765 Cum
707 1703 815 1784 igitur
833 1702 984 1768 maxime
1011 1701 1168 1766 florerem
1188 1703 1226 1765 in
1247 1703 1368 1766 diebus

315 1800 517 1867 Aethelredi
541 1802 646 1884 regis,
668 1803 799 1885 expetii
826 1804 934 1867 abeo
956 1803 1070 1868 locum
1096 1804 1155 1886 qui
1183 1802 1368 1866 Ethomme

315 1909 547 1986 nuncupatur,
575 1902 612 1964 in
642 1922 710 1986 qno
733 1905 811 1968 loco
841 1910 964 1967 sancta
992 1911 1028 1968 et
1061 1910 1229 1986 perpetua
1258 1903 1368 1984 Uirgo

284 2013 286 2018 ’
317 2002 444 2081 Maria,
464 2003 611 2085 primum
630 2003 765 2067 cuidam
780 2003 912 2086 pastori
935 2021 1079 2086 gregum
1102 1996 1216 2067 Eoves
1236 2021 1367 2067 nuncn-

316 2109 412 2184 pato,
440 2103 563 2168 dehinc
593 2103 698 2168 etiam
728 2104 812 2167 mihi
840 2123 919 2168 cum
945 2103 1077 2168 duabus
1101 2101 1306 2185 uirginibus,
1325 2102 1367 2166 li·

315 2203 415 2267 brum
436 2203 473 2268 in
497 2204 655 2286 manibus
678 2210 813 2283 tenens,
836 2205 1008 2287 apparuit.
1062 2204 1232 2268 Mundaui
1248 2202 1367 2286 itaque

315 2302 441 2380 locum,
475 2321 629 2386 opusque
659 2302 847 2387 inceptum,
870 2304 925 2367 dei
950 2303 1143 2386 opitulante
1168 2303 1294 2384 gratia,
1322 2303 1366 2367 ad

317 2402 419 2466 finem
434 2402 591 2485 perduxi.

236 2503 238 2507 ’
367 2502 458 2567 Uolo
473 2502 580 2584 igitur
588 2503 769 2567 ostendere
781 2501 875 2568 omni
889 2501 1047 2584 sequenti
1057 2501 1271 2584 generationi
1279 2520 1367 2583 quas

315 2603 550 2685 possessiones
575 2602 774 2685 supradicto
799 2602 875 2666 loco
898 2600 1090 2690 adquisini;
1121 2608 1156 2666 et
1180 2602 1276 2684 ipsas
1297 2608 1368 2665 ter-

315 2721 372 2765 ras
394 2704 439 2766 ab
455 2703 549 2766 omni
563 2689 744 2770 exactione
758 2708 971 2785 potestatum
985 2701 1137 2765 omnium
1157 2701 1368 2784 adquietani,

314 2803 494 2886 ipsamque
524 2802 817 2886 adquietationem
855 2801 1029 2885 applicitis
1057 2801 1302 2866 autoritatibus
1331 2808 1367 2865 et

316 2899 519 2987 priuilegiis,
533 2922 597 2966 nec
612 2923 682 2967 non
696 2909 732 2968 et
746 2901 919 2984 regalibus
933 2902 1055 2967 edictis
1071 2901 1267 2966 confirmari
1281 2900 1366 2981 feoi.;

317 3010 356 3070 ut
382 3003 507 3068 fratres
533 3004 722 3067 secundnm
742 3001 899 3085 regulam
925 3001 963 3068 S.
985 3002 1165 3066 Benedicti
1193 3002 1278 3065 inibi
1302 3000 1367 3064 deo

316 3103 517 3182 seruienteS,
548 3103 624 3167 sine
654 3103 913 3186 perturbatione
941 3102 1050 3166 uitam
1083 3109 1238 3184 agerent.
1291 3099 1367 3165 No·

316 3203 410 3267 mina
441 3203 546 3267 etiam
575 3203 736 3268 uillarum
765 3203 846 3267 uolo
874 3202 1109 3280 manifestare,
1132 3219 1219 3284 quas
1248 3199 1367 3265 omnes

246 3321 249 3334 ·
317 3302 443 3368 liberas
466 3311 504 3368 et
523 3303 614 3366 iuste
638 3304 839 3385 adquisitas,
853 3303 918 3367 deo
940 3309 976 3367 et
992 3309 1135 3367 sanctae
1150 3302 1284 3366 Mariae
1306 3302 1367 3364 ob-

317 3403 393 3467 tuli.
445 3401 571 3485 Itaque
585 3405 630 3467 ab
645 3402 854 3467 Aethelredo
874 3423 956 3484 rege
977 3402 1152 3486 quoddam
1165 3401 1368 3466 coenobium

317 3503 409 3585 quod
427 3502 667 3569 Fledanburch
682 3503 880 3568 nominatur
892 3503 1038 3580 obtinui,
1053 3502 1146 3586 qnod
1159 3509 1283 3584 postea
1302 3519 1366 3582 pro

184 3677 186 3682 s
316 3604 385 3667 alio
414 3604 580 3669 coenobio
616 3603 709 3686 qnod
747 3602 963 3668 Straetforda
990 3603 1188 3667 nominatur
1223 3601 1367 3665 mutaui.

318 3702 406 3768 Post
434 3699 582 3786 paruum
609 3723 692 3770 uero
718 3709 866 3786 tempus,
895 3723 917 3766 a
944 3703 1112 3786 praedicti
1139 3701 1231 3784 regis
1260 3700 1367 3765 fratre

318 3800 501 3867 Osnuardo
526 3803 652 3884 uiginti
674 3822 813 3866 mansas
835 3803 872 3867 in
893 3803 970 3868 loco
985 3805 1044 3886 qui
1059 3801 1227 3866 Tuiforda
1248 3801 1369 3883 appel-

219 3991 220 3994 *
317 3902 410 3966 latur
435 3903 618 3986 adquisiui.
672 3903 801 3967 Postea
824 3920 907 3967 uero
934 3903 1137 3968 succedente
1161 3902 1198 3965 in
1221 3921 1366 3982 regnum

319 4001 483 4068 Kenredo
497 4004 667 4068 concessit
681 4003 803 4084 etipse
818 4002 901 4065 mihi
914 4004 1092 4084 octaginta
1104 4009 1256 4085 quatuor
1269 4020 1366 4064 man-

316 4121 374 4164 sas
397 4123 501 4186 super
526 4110 690 4185 utrasque
711 4109 829 4186 partes
842 4103 936 4178 illius¹
959 4102 1110 4166 fluminis
1133 4102 1225 4185 quod
1242 4099 1368 4164 Auena

315 4203 498 4268 uocitatur.
551 4202 700 4281 Quidam
715 4210 832 4269 autem
846 4203 1047 4269 adolescens
1062 4201 1281 4268 Aethelricus
1303 4221 1366 4265 no·
