3134 5030
438 459 611 508 ounnrns
633 459 973 510 Anonosnxouronn
1164 447 1231 512 271

182 639 283 684 onem
312 619 505 704 praefatum
535 619 698 685 delictum
723 617 803 684 eum
824 617 948 704 simplo
975 621 1110 704 praetio
1138 640 1232 687 eom·

182 727 301 802 ponat.
378 720 645 804 Expeditionem
682 739 760 785 eum
801 737 869 786 ΧΠ.
900 723 1062 786 uassallis
1089 730 1125 787 et
1154 743 1232 787 eum

183 821 290 884 tantis
329 822 436 886 sontis
478 829 685 901 exerceant;
715 822 876 904 antiquos
912 831 1036 904 pontes
1072 830 1108 887 et
1135 842 1234 888 arces

182 929 372 1000 renouent3
402 928 575 986 caeterum
601 921 705 1005 plena
725 929 761 986 et
784 923 921 1004 integra
945 922 1103 987 libertate
1126 924 1231 1005 glori-

184 1028 296 1086 entur.
349 1022 506 1086 Maxime
520 1041 598 1085 oum
620 1023 687 1104 ipsi
709 1021 828 1085 diebus
854 1023 1001 1104 singulis
1022 1024 1146 1086 missas
1168 1044 1232 1106 pro

183 1121 534 1186 nobissaluberrimas
549 1121 706 1200 offerant,
721 1129 756 1186 et
778 1123 881 1185 ermis
904 1122 1140 1204 spiritualibus
1157 1172 1166 1187 .
1184 1141 1204 1187 e
1223 1173 1231 1189 .

184 1222 356 1304 psalteriis
369 1229 491 1288 eontra
502 1221 695 1287 inuisibiles
705 1221 824 1286 hostes
831 1223 993 1287 dimicare
1004 1243 1072 1288 non
1083 1218 1232 1288 'cessent

186 1322 222 1385 Si
249 1323 331 1404 quis.
353 1329 467 1387 autem
491 1322 713 1405 praescriptis
736 1323 876 1386 statutis
906 1323 1055 1388 noluerit
1083 1324 1233 1404 obedire,

185 1423 273 1506 sciat
286 1441 323 1486 se
343 1423 493 1487 alienum
508 1443 583 1487 esse
598 1441 620 1486 a
634 1423 808 1486 consortio
823 1417 964 1487 sanetae
979 1423 1033 1487 dei
1048 1424 1233 1488 aecclesiae

184 1528 219 1586 et
235 1523 533 1606 aparticipatione
546 1523 700 1606 corporis
723 1530 758 1588 et
780 1523 958 1606 sanguinis
977 1523 1106 1587 domini
1124 1524 1234 1588 nostri

187 1621 293 1686 Ihesu
320 1621 460 1702 Christi,
486 1644 548 1706 per
574 1623 815 1687 auctoritatem
841 1623 934 1688 beati
954 1621 1051 1686 Petri
1073 1623 1233 1706 apostoli,
1306 1637 1309 1643 '

186 1721 252 1786 nisi
279 1722 383 1806 digne
420 1713 653 1788 emendauerit
689 1723 781 1806 quod
817 1730 939 1787 contra
969 1723 1024 1787 dei
1055 1723 1233 1787 ecelesiam

185 1821 334 1888 fecisset.
387 1825 566 1888 Dederunt
588 1824 679 1887 enim
693 1843 755 1906 pro
771 1823 965 1887 huiusmodi
987 1825 1037 1887 rei
1059 1825 1173 1905 gratia
1196 1825 1232 1886 in

186 1941 270 1987 auro
303 1931 339 1988 et
367 1931 512 2006 argento
545 1939 649 1988 axx.
680 1923 799 2001 librae,
825 1930 860 1987 et
892 1941 955 1989 .0.
980 1931 1159 1990 manentes
1190 1924 1234 1987 ad

186 2023 341 2089 uillulam
354 2025 507 2108 regalem
521 2045 610 2108 quae
624 2023 751 2088 dicitur
765 2020 910 2088 Solitun.

635 2313 786 2380 eexv,

520 2425 801 2520 eosnuunr.
826 2473 902 2520 nr.

242 2601 281 2680 ›1‹
298 2597 375 2660 Eoo
389 2596 494 2660 etiam
509 2594 695 2672 coenuulf,
708 2615 771 2658 rex
786 2595 1005 2671 Marciorum,
1029 2593 1149 2658 eodem
1172 2594 1234 2659 lro-

187 2697 334 2762 norabili
347 2692 509 2780 episeopo
521 2694 742 2761 Deneberlrto
757 2695 876 2760 eteius
889 2694 1040 2759 familiae
1055 2695 1234 2777 Uueoger-

187 2799 304 2863 nensis
327 2797 525 2875 aecclesiae,
540 2804 620 2880 post
640 2797 733 2861 uitae
755 2797 905 2879 spatium
924 2795 1057 2859 dierum
1070 2799 1236 2874 meorum,

188 2899 276 2963 dabo
292 2904 419 2962 terram
436 2945 444 2961 .
462 2914 560 2962 xxx.
574 2897 833 2962 tributariorum
853 2897 891 2960 in
910 2896 987 2960 loco
1010 2896 1070 2979 qui
1091 2903 1237 2961 uocatur

190 2997 422 3076 Fledanburlr,
436 3005 578 3081 propter
591 2997 811 3063 traditionem
826 2997 932 3062 istius
953 2997 1235 3080 praenominatae

189 3107 312 3178 terrae,
327 3105 367 3162 ut
380 3099 628 3181 perpetualiter
648 3097 870 3182 perfruantur
883 3099 919 3162 in
935 3117 1071 3174 aenam,
1086 3104 1122 3162 et
1136 3097 1235 3160 dimi·

188 3200 280 3264 dia-m
296 3206 430 3282 partem
444 3199 546 3263 huius
559 3198 634 3281 agri
655 3199 883 3280 possessionis
904 3199 1235 3281 praecipientem

187 3300 249 3365 illo
262 3299 307 3364 ad
320 3299 532 3382 praedictam
546 3299 726 3364 ecclesiam
741 3299 904 3364 reddatur
919 3318 1008 3380 qnae
1025 3298 1095 3362 illis
1117 3298 1237 3362 diebus

187 3401 259 3464 illic
294 3407 353 3464 aet
391 3399 624 3483 Fledanbyrig
654 3398 834 3464 habeatur.
896 3398 1066 3462 Liberabo
1099 3418 1236 3480 quoque

189 3509 316 3566 terram
334 3500 440 3564 istam
463 3501 528 3564 sub
549 3499 745 3564 testimonio
767 3499 901 3563 illorum
928 3517 1073 3580 quorum
1097 3498 1237 3563 nomina

189 3600 402 3685 praescripta
410 3599 837 3683 liquescunt,abemnibus
846 3597 1113 3680 saeculariamrm
1122 3617 1237 3662 rernm

189 3702 350 3766 oneribus
373 3700 469 3764 duris
490 3719 531 3765 ac
553 3701 688 3765 leuibus
710 3700 864 3784 exceptis
887 3697 954 3777 his,
969 3697 1057 3762 arcis
1071 3705 1107 3762 et
1120 3699 1239 3780 pontis

189 3801 445 3866 constructione
456 3801 726 3885 etexpeditione,
733 3806 768 3864 et
778 3800 953 3883 singulare
963 3799 1133 3882 praetium
1144 3797 1239 3862 foras

190 3903 372 3967 aduersum
395 3901 511 3981 aliud3
535 3902 579 3966 ad
601 3920 749 3984 poenam
770 3921 853 3966 uero
875 3919 987 3982 neque
1009 3899 1237 3982 quadrantem

189 4004 357 4067 minutam
380 4001 472 4066 loras
496 3999 659 4066 resoluat.
712 4000 749 4064 Si
771 4001 852 4083 quis
872 4006 990 4064 autom
1011 3999 1076 4062 hoo
1098 4017 1239 4062 seruare

190 4105 248 4168 uel
256 4103 406 4168 adnuere
421 4103 581 4179 uoluerit,
590 4103 637 4166 sit
649 4100 852 4167 benedictus
866 4119 888 4164 a
900 4100 965 4165 deo
976 4099 1075 4176 eoeli,
1085 4099 1239 4163 omnium

189 4204 390 4288 possessori.
444 4203 480 4266 Si
495 4223 579 4268 uero
592 4202 729 4286 aliquis
742 4203 834 4286 quod
850 4221 920 4266 non
934 4208 1106 4285 optamus5
1120 4199 1186 4265 hoe
1201 4201 1239 4264 in
