3134 5030
459 436 632 487 οιιιιιιιιι
657 436 995 490 ιιιιιιοιιιιοιιοιι.
1183 423 1249 490 237

196 603 254 662 aet
266 596 407 662 Bathun
421 595 574 678 aliquam
589 602 702 660 terrae
716 595 921 678 particulam
933 597 1000 661 mei
1009 598 1141 680 proprii
1151 597 1248 676 iuris,

197 696 262 766 hoc
278 704 332 761 est
348 713 382 759 ν.
398 697 596 760 mansiones
610 697 647 759 in
662 694 740 760 loco
762 695 823 777 qui
846 696 971 761 dicitur
993 697 1185 783 Norpstoc;
1208 708 1248 764 ut

196 796 348 866 habeant
363 797 430 860 sibi
452 804 487 862 et
509 797 716 879 posteriores
739 795 875 860 illorum
897 797 934 860 in
955 796 1021 862 illo·
1038 800 1249 864 monasterio

195 897 232 961 in
251 904 453 980 perpetuam
467 897 719 979 possessionem
734 895 778 959 ad
791 915 891 959 usum
907 899 1149 962 necessarium.
1202 899 1248 964 Et

197 998 228 1061 si
257 997 381 1080 aliquis
406 997 444 1061 in
474 997 592 1062 futuro
610 996 677 1060 hoo
701 996 888 1077 irrumpere
913 996 1073 1075 uoluerit,
1097 999 1186 1063 scint
1204 1005 1247 1062 ‘sc

197 1097 418 1162 maledictum
432 1103 468 1160 et
481 1097 519 1160 in
540 1097 606 1162 hoc
622 1095 761 1160 saeculo
774 1102 810 1159 et
831 1097 868 1158 in
882 1095 1008 1161 futuro.
1062 1097 1109 1161 Et
1125 1098 1155 1161 si
1169 1099 1248 1180 quis

197 1189 347 1262 uoluerit
374 1216 580 1262 conseruare
609 1195 702 1278 quod
730 1196 971 1260 constituimus
991 1197 1030 1262 in
1053 1197 1118 1264 hoc
1145 1197 1248 1275 dono,

198 1301 380 1362 conseruet
394 1297 446 1361 illi
460 1297 619 1362 dominus
635 1302 768 1379 partem
782 1302 943 1360 aeternae
964 1296 1186 1362 beatitudinis
1209 1297 1246 1363 in

198 1398 348 1464 saecula.
401 1395 507 1464 Anno
522 1398 566 1462 ab
579 1395 816 1460 incarnatione
828 1395 957 1461 domini
972 1414 1075 1460 neoc.
1077 1413 1142 1460 v111
1155 1397 1251 1461 facto

199 1505 253 1562 est
267 1499 351 1563 haec
366 1497 520 1575 donatio,
531 1497 590 1562 et
580 1517 616 1562 ιιι
630 1495 732 1559 huius
751 1494 833 1560 doni
847 1497 1044 1561 testimonio
1057 1497 1250 1562 extiterunt

199 1595 968 1680 hiquoruminferiusnominarecitatasunt.
1164 1604 1166 1610 ’

252 1698 328 1781 Ego
344 1697 515 1782 Cynulfus
528 1716 591 1762 rex
605 1696 783 1760 Saxonum
800 1696 866 1760 hoc
881 1695 1049 1760 donum
1021 1717 1122 1780 signo
1140 1699 1251 1764 erucis

199 1798 333 1863 firmaui
352 1799 424 1879 »14.Ι
461 1797 537 1879 Ego
552 1796 743 1861 Guobertus
759 1795 874 1878 gratia
890 1796 946 1860 dei
971 1798 1248 1881 archiepiscopus

200 1899 358 1965 consensi
372 1906 409 1962 et
422 1897 610 1979 subscripsi
625 1903 660 1960 et
673 1897 885 1978 peruertenti
907 1897 972 1962 hoc
993 1897 1121 1962 donum
1144 1899 1249 1963 male-

200 1998 274 2062 dixi
299 1991 335 2062 in
360 2005 563 2081 perpetuum
584 1998 640 2078 »14.
693 1995 769 2077 Ego
793 1996 1038 2062 Torhthelmus
1069 1998 1250 2081 episcopus

201 2099 359 2163 consensi
377 2101 434 2180 »14.
486 2098 562 2179 Ego
586 2095 788 2182 Cyneardus
810 2097 992 2180 episcopus
1017 2098 1175 2162 consensi
1193 2100 1250 2180 »14.

201 2199 277 2281 Ego
307 2197 494 2282 Eaniridus
520 2197 704 2280 episcopus
732 2198 892 2262 consensi
906 2199 966 2279 .»14.
1030 2197 1107 2279 Ego
1136 2197 1249 2262 Here-

202 2298 338 2364 wardus
369 2298 552 2381 episcopus
577 2296 736 2364 consensi
756 2298 812 2378 »14.
877 2297 954 2379 Ego
980 2296 1147 2378 Egculius
1177 2297 1249 2380 epi-

203 2417 328 2482 scopus
357 2398 518 2464 consensi
536 2399 593 2479 »14.
645 2395 722 2482 Ego
749 2395 918 2462 Milredus
949 2397 1131 2480 episcopus
1167 2417 1249 2464 con·

204 2499 296 2564 sensi
315 2500 371 2580 »14.

258 2602 297 2682 »14
312 2599 389 2682 Ego
404 2595 501 2662 Acca
514 2555 695 2680 episcopus
710 2597 880 2662 consensi.
937 2600 977 2679 »14
996 2597 1072 2678 Ego
1088 2594 1251 2662 Aldulsus

203 2699 384 2784 episcopus
399 2697 568 2762 consensi.
625 2699 664 2778 »14
682 2696 758 2779 Ego
773 2696 961 2762 Eardulsus
974 2697 1155 2780 episcopus
1169 2717 1251 2763 con-

203 2801 308 2865 sensi.
365 2801 404 2881 »14
423 2797 568 2880 Signum
583 2815 706 2860 manus
727 2798 887 2862 Botwine
909 2798 1055 2862 abbatis.
1112 2799 1152 2879 »14
1174 2798 1251 2880 Sig-

204 2919 286 2962 num
313 2917 435 2964 manus
461 2898 587 2962 Eatan.
645 2896 845 2980 *Signum
869 2916 992 2961 manus
1018 2897 1149 2962 Diores.
1206 2900 1247 2980 »14

204 2999 347 3080 Signum
361 3017 484 3062 manus
500 2994 657 3082 Alhfripi.
714 3000 754 3080 »14
765 2997 909 3080 Signum
923 3016 1046 3062 manus
1059 2996 1253 3063 Aldberhti.

209 3101 248 3181 »14
269 3099 413 3181 Signum
442 3116 565 3161 manus
596 3097 777 3178 Eadbaldi.
834 3100 873 3180 »14
894 3098 941 3165 Ει
973 3115 1038 3180 ego
1073 3097 1152 3163 Offe
1189 3119 1253 3162 rex

205 3198 412 3264 Merciorum
425 3198 479 3262 his
494 3197 635 3262 statutis
651 3197 820 3263 consensi.

642 3491 816 3561 oxcru

415 3614 698 3723 cornuum
721 3642 931 3728 Aprilleth,
946 3642 1022 3708 eos.

260 3797 299 3877 »14
314 3792 426 3859 Auso
449 3815 531 3860 uero
558 3794 728 3860 dominice
749 3794 978 3860 incarnationi
999 3812 1090 3860 noco
1090 3794 1254 3864 ⁰u111⁰1n-

206 3890 289 3966 dici.
305 3897 374 3960 ιιι·
387 3902 423 3959 et
438 3896 539 3978 regni
550 3896 617 3959 mei
632 3915 654 3960 a
676 3861 724 3959 do
744 3897 898 3960 concessi
921 3898 992 3960 ιιιιο
1007 3916 1072 3978 ego
1095 3896 1261 3963 coenuulf

206 4016 268 4066 rex
295 3994 465 4060 merciorii
488 3995 682 4077 emmone
705 3995 819 4060 anime
841 4013 915 4060 mee
936 4003 971 4060 et
991 4022 1018 4087 p
1039 3971 1256 4060 absolutione

205 4096 407 4180 peccaminii
435 4096 553 4159 meorii
582 4096 644 4159 tibi
672 4115 749 4160 meo
781 4063 875 4160 fideli
898 4063 1058 4160 ministro
1095 4095 1256 4162 eaduulso

206 4197 296 4268 dabo
328 4195 544 4280 aliquantulo
578 4203 712 4280 partem
741 4202 833 4293 terre
870 4195 953 4268 iuris
989 4196 1057 4294 mei
1092 4196 1129 4260 in
1152 4196 1259 4284 ppria
