3188 5032
498 429 671 478 ouantia
693 428 1035 478 auonosixourcin.
1249 417 1294 485 75

234 590 334 652 mine
348 594 427 652 octo
445 587 530 650 mihi
550 605 689 651 mansas
704 587 858 658 donauit.
910 589 1035 671 Sisque
1057 587 1122 652 deo
1143 588 1294 670 propitio

236 690 338 754 breui
353 695 506 771 tempore
524 704 617 751 GXX.
633 705 773 751 mansas
798 688 995 770 praedictae
1010 687 1142 754 Christi
1163 688 1294 753 aeccle-

235 791 316 853 siae
325 787 511 870 adquisiui,
520 788 785 870 sicutscriptum
794 795 848 852 est
857 789 1137 852 etconfirmatum
1147 788 1184 852 in
1195 788 1294 852 char-

243 890 288 952 tis
309 888 510 965 aecclesiae,
532 896 569 952 et
580 888 617 951 in
630 887 719 952 libro
741 887 981 952 manifestatur
999 896 1094 953 terra
1107 896 1143 952 et
1157 888 1294 952 termini

242 989 331 1065 cius,
341 1007 445 1070 quem
456 987 595 1070 scripsit
607 987 857 1053 Brihtuuuldus
869 988 1157 1072 archiepiscopus,
1173 995 1208 1053 ct
1222 988 1294 1052 dic-

107 1091 111 1096 '
236 1089 333 1154 tamt
346 1093 530 1172 praecepto
548 1086 699 1153 Romani
716 1087 908 1167 Pontificis,
921 1107 1000 1153 cum
1015 1107 1186 1153 consensu
1198 1089 1294 1172 prin-

237 1188 358 1272 cipum
382 1188 490 1252 totius
512 1185 674 1269 Angliue.
727 1187 828 1252 Haec
850 1208 934 1254 uero
960 1197 1042 1253 sunt
1065 1188 1206 1253 nomina
1229 1187 1295 1252 nil.-

184 1361 189 1368 ,
238 1289 354 1353 larum
368 1305 456 1371 quas
468 1294 509 1351 ut
521 1287 756 1369 supradictum
776 1294 830 1352 est
853 1289 1036 1372 adquisiui.
1087 1287 1296 1366 Eoueoham,

238 1387 540 1470 ‘Benincguurtha
568 1384 729 1465 Huntun,
753 1387 957 1467 Baddeseia,
982 1388 1152 1472 Uuicquc,
1176 1387 1292 1452 Huni-

237 1490 365 1566 burne,
389 1486 838 1566 Brotfertun,.Uuillerseia,
856 1488 1066 1567 Uuitheleia,
1089 1488 1292 1566 Samhurne,
1338 1553 1340 1556 .

238 1587 502 1664 Kineuuartun,
517 1586 703 1664 Saltforde,
727 1587 838 1652 maior
859 1596 894 1653 et
920 1589 1045 1667 minor,
1068 1586 1295 1666 Ambresleia,

241 1687 477 1770 Uienbeorge,
493 1687 650 1765 Mortun,
674 1688 825 1765 Buctun,
840 1687 1150 1772 Madelgaresbyri,
1166 1686 1294 1752 Titles-

241 1788 360 1872 thorp,
389 1786 507 1852 Suella
535 1786 656 1865 maior,
683 1787 991 1871 Mayeldesbeorge
1010 1789 1294 1870 Cildesuicoque:

243 1887 324 1968 Has
348 1905 467 1952 omnes
487 1889 612 1965 terras,
624 1895 665 1954 ut
686 1887 863 1971 praelatus
885 1908 974 1966 sum,
989 1889 1114 1953 liberas
1136 1890 1181 1952 ab
1201 1888 1297 1952 omni

244 1985 625 2069 calumnia'adquisiui,
652 1994 689 2051 et
715 1995 856 2052 sauctae
875 1989 931 2053 dei
962 1988 1149 2054 aecclesiae
1173 1988 1296 2053 obtuli.

239 2087 316 2166 Qui
349 2107 432 2170 ergo
457 2087 584 2164 locum,
612 2107 714 2170 quem
741 2088 933 2170 apostolica
961 2090 1114 2172 dignitas
1139 2095 1175 2152 et
1199 2089 1296 2170 regia

245 2195 399 2270 potestas
434 2187 550 2269 regiae
583 2186 736 2252 libertati
758 2187 913 2267 donauit,
948 2196 984 2254 et
1012 2207 1076 2254 nos
1110 2189 1298 2254 autoritate

242 2287 299 2352 dei
330 2294 366 2352 ct
390 2294 589 2351 sanctorum
621 2288 856 2370 apostolorum
889 2289 1070 2366 donamus,
1107 2289 1298 2370 depruuure

245 2395 307 2452 aut
330 2389 484 2451 minuero
502 2387 559 2450 uel
580 2387 815 2452 contaminare
835 2388 1114 2472 praesumpserit,
1127 2388 1298 2452 iudicetur

241 2495 327 2564 ante
355 2486 507 2552 tribunal
532 2486 675 2564 Christi,
700 2493 735 2551 et
759 2507 936 2570 nunquam
964 2489 1001 2552 in
1024 2487 1153 2553 Christi
1175 2488 1296 2570 ueniat

240 2587 455 2664 memoriam,
481 2588 547 2666 nisi
569 2587 606 2650 in
628 2587 694 2650 hac
720 2586 795 2650 uita
816 2588 998 2670 poenitens
1023 2587 1182 2652 emendet
1196 2608 1212 2668 ;·
1237 2587 1298 2670 qui
1407 2611 1408 2615 ¹

243 2707 328 2752 uero
358 2687 548 2752 seruauerit
571 2694 608 2751 et
635 2686 829 2763 adauxerit,
860 2687 1154 2762 benedictionibus
1185 2687 1297 2770 reple.-

243 2795 334 2851 atur.
388 2788 480 2852 Fiat.
520 2785 645 2852 Amen.
697 2786 835 2869 Scripta
862 2795 916 2852 est
943 2787 1028 2853 haec
1059 2789 1182 2853 charta
1205 2807 1297 2852 anno

240 2887 438 2952 dominicae
462 2886 709 2952 incarnationis
729 2902 878 2952 cccxlv.
1208 2909 1213 2918 ·

241 3034 246 3042 .
299 2989 338 3068 ›1‹
359 2987 436 3070 Ego
453 2987 655 3070 Ecguuiuus
676 3007 738 3070 per
759 2986 897 3069 signum
912 2994 1054 3052 sauctae
1069 2988 1181 3052 crucis
1196 2988 1297 3070 [con.-

244 3087 408 3167 firmaui].
472 3091 512 3168 ›1‹
529 3087 605 3169 Ego
622 3087 806 3151 Kenredus
828 3108 891 3152 rex
907 3087 1106 3169 subscripsi.
1163 3090 1203 3170 ›1‹
1221 3086 1298 3171 Ego

241 3186 325 3250 -Otla
340 3184 401 3268 per
416 3187 553 3268 signum
568 3187 679 3251 crucis
693 3187 905 3252 confirmaui.
947 3187 1023 3268 Ego
1039 3190 1080 3269 ›1‹
1097 3187 1298 3253 Brihtuual-

244 3287 309 3350 dus
339 3285 616 3370 archiepiscopus
648 3288 847 3370 subscripsi.
915 3288 991 3370 Ego
1021 3289 1063 3370 ›1‹
1093 3287 1298 3354 0suuardus

243 3385 353 3450 trater
367 3387 458 3468 regis
474 3370 688 3452 confirmaui.

709 3680 831 3747 exv.

240 3823 243 3826 ·
363 3833 384 3876 *
408 3829 747 3910 unumunurm)
773 3828 837 3894 or
861 3825 1071 3905 usuum,
1094 3829 1171 3894 716.

283 3979 376 4061 »ΜΝ
392 3981 531 4044 nomine
546 3976 601 4043 dei
615 3979 740 4044 summi
756 3978 986 4046 stultissimi!
1017 3976 1131 4041 Certis
1142 3976 1297 4062 adstipu-

246 4080 433 4145 lationibus
447 4099 511 4144 nos
526 4080 638 4146 sancti
654 4087 689 4144 et
704 4079 788 4142 iusti
803 4086 920 4161 patres
932 4078 1197 4169 frequentatiuis
1220 4100 1298 4145 oru-

244 4181 396 4246 tionibus
411 4182 609 4258 admonent,
622 4188 662 4246 ut
673 4179 774 4250 deum
786 4191 888 4260 quom
899 4179 1073 4262 diligimus
1085 4185 1121 4246 et
1129 4179 1298 4251 credimus
