3172 5030
324 419 369 485 34
579 435 752 484 ennnrnu
776 435 1117 488 nuouosuxomcnn.

328 597 419 661 batis
432 616 455 661 a
468 603 567 679 parte
579 597 779 676 meridiana,
789 615 811 660 a
825 597 1001 679 praesenti
1011 595 1066 661 die
1081 603 1117 661 et
1128 603 1294 680 tempore,
1305 616 1378 661 mo·

329 699 480 762 nasterio
495 699 587 762 beati
604 698 701 762 Petri
717 697 878 780 apostoli,
894 698 930 762 in
949 717 1018 780 quo
1029 717 1189 781 praeesse
1202 696 1379 762 Adrianus

331 798 533 877 dinoscitur,
559 801 618 881 qui
641 819 662 862 a
690 799 850 864 Romana
872 801 957 863 urbe
978 798 1130 862 directus
1152 805 1217 877 est,
1238 799 1276 863 in
1303 819 1381 882 per-

331 906 473 983 petuum
494 900 625 964 contuli
649 899 914 982 possidendum3
938 907 1010 964 tam
1033 900 1065 963 ei
1087 899 1169 963 dum
1194 900 1379 978 aduixerit,

331 1011 434 1081 quam
450 1001 524 1064 eius
538 1001 800 1084 congregationi
813 1019 903 1083 quae
924 1008 1005 1083 post
1028 1002 1105 1064 eum
1123 1000 1285 1065 habitura
1305 1008 1380 1080 est3

331 1107 371 1165 ut
383 1101 576 1184 praefatam
591 1109 718 1166 terram
739 1102 843 1165 unius
856 1102 964 1165 aratri
978 1101 1044 1165 sibi
1058 1102 1243 1166 uendicent
1264 1121 1305 1165 ac
1320 1101 1380 1166 de-

330 1202 485 1279 fendant,
495 1221 573 1266 cum
584 1204 742 1266 omnibus
757 1203 848 1266 adse
862 1203 1125 1285 pertinentibus.
1165 1203 1382 1285 Quicumque

331 1322 425 1380 uero,
436 1310 508 1367 tom
522 1323 588 1386 ego
600 1323 704 1387 quam
717 1304 848 1386 posteri
862 1303 929 1366 mei
941 1304 1000 1385 qui
1014 1304 1051 1367 in
1064 1304 1141 1368 loco
1154 1323 1231 1368 meo
1244 1323 1381 1368 succes-

323 1405 451 1481 serint,
472 1412 593 1468 contra
614 1404 704 1468 hanc
721 1404 895 1485 largitatis
917 1423 1017 1472 meae,
1036 1404 1204 1469 cartulam
1229 1404 1381 1486 quolibet

331 1512 485 1587 tempore
500 1506 618 1568 uenire
633 1505 939 1588 praesumpserint,
954 1506 1024 1569 sint
1038 1505 1190 1588 separati
1203 1525 1225 1568 a
1239 1525 1381 1589 corpore

332 1614 369 1670 et
390 1606 559 1687 sanguine
580 1605 709 1670 domini
731 1604 842 1670 nostri
863 1604 945 1669 Iesu
961 1605 1109 1686 Christi3
1133 1613 1295 1682 manente
1316 1607 1381 1670 hac

332 1705 467 1770 cartula
494 1707 740 1789 perpetualiter
762 1706 983 1770 nihilominus
1007 1707 1204 1771 donationis
1227 1726 1324 1771 meac
1345 1707 1383 1770 in

332 1825 396 1870 sua
426 1807 610 1886 firmitate3
643 1807 687 1870 ad
717 1809 814 1872 cuius
850 1808 954 1871 etiam
987 1807 1291 1885 confirmationem,
1319 1828 1382 1891 pro

331 1908 530 1989 ignorantia
553 1908 758 1986 litterarum,
781 1908 918 1990 signum
939 1915 1081 1972 sanctae
1105 1910 1216 1973 crucis
1242 1929 1382 1992 expres-

221 2031 222 2034 *
334 2009 364 2071 si
383 2015 418 2072 et
432 2016 538 2073 testes
551 2017 591 2072 ut
610 2010 864 2073 subscriberent
880 2010 1015 2092 rogaui.
1067 2008 1196 2074 Actum
1215 2011 1251 2074 in
1266 2029 1383 2074 mense

336 2108 438 2187 Iulio,
456 2109 650 2174 Indictione
664 2110 827 2174 secunda.

298 2247 300 2252 ·
389 2211 428 2291 ›1‹
458 2211 534 2293 Ego
558 2210 745 2294 Osuuynus
768 2231 831 2274 rex
852 2209 1003 2275 Canciae
1021 2213 1179 2289 donator,
1203 2212 1246 2276 ad
1269 2212 1385 2277 omnia

334 2311 533 2394 supradicta
557 2312 716 2376 consensi
739 2317 774 2375 et
797 2312 995 2397 subscripsi.
1053 2314 1092 2394 ›1‹
1123 2312 1267 2397 Signum
1285 2332 1385 2376 sanc-

335 2419 393 2476 tae
418 2413 529 2476 crucis
558 2412 635 2476 feci.
693 2413 732 2495 ›1‹
761 2411 905 2495 Signum
932 2432 1055 2477 manus
1081 2414 1184 2478 Ecca.
1241 2416 1280 2496 ›1‹
1309 2414 1386 2496 Ego

336 2513 501 2578 Sabcrtus
528 2514 666 2597 signum
699 2514 776 2577 feci.
833 2515 872 2595 ›1‹
915 2514 1060 2598 Signum
1085 2535 1208 2579 manus
1245 2514 1386 2580 Osfridi.

341 2614 380 2694 ›1‹
408 2612 553 2697 Signum
576 2633 698 2678 manus
720 2614 853 2679 Uaeba.
911 2614 951 2696 ᾧ
982 2616 1127 2698 Signum
1149 2635 1272 2680 manus
1297 2615 1386 2698 Suy-

336 2713 443 2777 dredi.
501 2715 540 2795 ›1‹
575 2715 719 2797 Signum
752 2732 875 2778 manus
911 2713 1112 2781 Aedilmari.
1169 2720 1208 2800 ›1‹
1243 2717 1388 2798 Signum

336 2832 459 2876 manus
479 2815 660 2897 Burgredi.
711 2817 750 2897 ›1‹
779 2814 923 2898 Signum
943 2835 1066 2881 manus
1087 2819 1191 2883 Frod.
1241 2819 1280 2899 *1⁴
1308 2817 1387 2900 Sig-

337 2933 419 2977 num
434 2933 556 2978 manus
574 2916 683 2982 Eana.

785 3198 946 3264 XXXI.

564 3363 678 3428 *INI
704 3363 767 3428 OF
792 3366 1010 3445 WESSEX,
1032 3366 1217 3434 688-690.

396 3516 435 3596 ›1‹
451 3514 527 3580 Eoo
543 3513 599 3579 Ini
613 3534 676 3579 rex
691 3514 978 3606 westsaxonum,
995 3537 1058 3600 pro
1072 3518 1207 3583 animae
1223 3539 1319 3587 meae
1336 3543 1390 3587 re-

341 3617 465 3694 medio,
481 3616 613 3681 reddidi
624 3624 751 3680 terram
763 3635 836 3681 xnv
850 3626 1064 3682 cassatorum
1080 3618 1185 3684 Hean
1198 3624 1344 3704 patricio
1355 3632 1391 3689 et

344 3718 562 3794 Ceolswithe,
577 3717 621 3782 ad
630 3720 876 3784 monasterium
892 3720 1171 3786 construendum.
1210 3722 1311 3801 Quae
1321 3733 1390 3790 ter-

342 3838 381 3882 ra
392 3818 588 3902 appellatur
597 3819 634 3882 in
645 3819 878 3885 Bradanfelda
889 3829 923 3885 et
933 3821 1163 3899 Bestleforda,
1175 3829 1210 3886 et
1221 3824 1291 3888 alia
1301 3808 1390 3909 quaa

342 3920 539 3985 nominatur
553 3919 714 3998 Stretlea,
737 3941 814 3985 cum
830 3922 987 3987 omnibus
1011 3923 1055 3986 ad
1071 3943 1108 3987 se
1127 3925 1389 4006 pertinentibus.

344 4019 410 4084 Cui
439 4021 617 4085 donationi
643 4027 749 4086 testes
774 4023 942 4087 affuerant
970 4020 1103 4102 Aebba,
1126 4023 1327 4093 Aethilbald
1355 4039 1392 4096 et

343 4119 514 4199 Eadfrith,
545 4121 636 4186 filius
672 4121 763 4201 Iddi,
798 4130 834 4188 et
862 4143 939 4187 cum
967 4123 1120 4189 iussione
1153 4127 1392 4213 episcoporum

345 4219 471 4300 Cedde,
488 4220 666 4301 Germani,
681 4223 868 4290 Uuinfridi.
922 4224 1035 4303 Quam
1050 4233 1176 4290 terram
1191 4229 1321 4311 primus
1333 4233 1392 4297 de-
