3112 5032
319 419 384 483 154
577 430 750 482 cunnrin
773 431 1116 480 innuosixomcin.

320 592 450 670 Christi
471 589 649 666 traditore,
674 595 847 653 crematur
876 594 1019 652 aeterna
1042 588 1301 668 combustione;
1338 595 1375 653 et

321 692 487 757 Annania
508 696 543 754 et
558 689 705 771 Sapbira
727 689 854 751 sentiat
875 688 963 751 iram
985 686 1127 751 ultionis
1141 687 1292 765 diuinae,
1307 689 1374 752 nisi

319 793 355 854 in
376 789 551 874 praesenti
572 790 647 853 uita
669 788 902 853 emendauerit
924 787 1097 868 condigna
1125 788 1373 854 satisfactione.

320 891 420 955 Haec
435 890 525 954 enim
541 897 623 953 sunt
637 887 777 952 nomina
792 889 912 952 finium
927 894 1107 966 terrarum,
1123 895 1190 953 etc.

367 1001 431 1064 Ure
445 1000 601 1062 witttesses’
617 1020 718 1062 names
731 1020 785 1061 are
798 1001 941 1083 montiay.

744 1284 952 1352 cxxvii.

592 1399 1099 1514 cucurrerimus-775.

375 1587 414 1666 »14
433 1583 477 1647 ΙΝ
488 1583 624 1648 nomine
636 1585 765 1648 domini
777 1585 898 1650 Ihesu!
935 1584 1005 1668 Spe
1021 1582 1112 1648 enim
1123 1582 1212 1645 salui
1222 1582 1305 1646 facti
1313 1602 1372 1645 su-

320 1701 416 1762 mus3
440 1702 518 1766 spes
528 1691 642 1748 autem
654 1703 744 1768 quae
758 1684 895 1749 uidetur
906 1704 976 1749 nou
987 1691 1041 1748 est
1051 1702 1143 1766 spes,
1152 1691 1187 1746 et
1202 1701 1292 1763 quae
1303 1702 1373 1746 non

321 1783 476 1846 uidemus
490 1804 552 1866 per
566 1785 769 1866 patientiam
791 1791 1013 1868 expectamus
1026 1784 1110 1866 quia
1122 1790 1265 1847 aeterna
1278 1789 1372 1846 suut.

322 1883 473 1964 Ideoque
496 1903 561 1966 ego
582 1882 804 1962 CeolfrithuS,
819 1886 926 1949 abbas
944 1883 1035 1948 dono
1049 1884 1117 1960 dei,
1129 1883 1205 1947 iure
1226 1889 1372 1965 paterno

320 1982 549 2047 haereditario
564 1984 656 2048 douo
677 1993 805 2049 terram
827 2004 938 2048 meam
953 1992 988 2048 et
1001 1982 1250 2047 haereditatem
1263 1981 1373 2064 patris

318 2082 385 2145 mei
397 2081 617 2164 cyneberhti,
630 2103 693 2166 pro
708 2085 942 2170 redemptione
956 2084 1149 2147 animarum
1162 2088 1371 2159 nostrarum

318 2181 363 2244 ad
378 2182 579 2245 aecclesiam
593 2183 686 2247 beati
702 2184 800 2247 Petri
814 2183 976 2266 apostoli,
989 2191 1025 2247 et
1045 2183 1089 2246 ad
1108 2182 1223 2244 sedem
1239 2181 1370 2263 episco-

307 2280 433 2363 palem
449 2282 486 2344 in
501 2280 867 2363 Uuigrinnanceastre,
883 2283 940 2347 cui
961 2302 1053 2346 nunc
1075 2288 1214 2365 praeest
1228 2300 1372 2344 uenera-

319 2381 398 2443 bilis
413 2379 593 2464 episcopus
609 2382 792 2460 Milredus,
807 2401 884 2446 cum
905 2401 1075 2446 consensu
1096 2388 1131 2444 et
1153 2379 1293 2444 licentia
1309 2379 1371 2443 Os-

320 2479 393 2544 sani
415 2481 506 2562 regis
530 2480 750 2559 Marciorum,
773 2490 809 2546 et
830 2483 1024 2565 principum
1048 2481 1135 2558 eius,
1159 2486 1194 2543 et
1219 2479 1372 2558 testium,

320 2579 465 2661 quorum
488 2580 579 2645 infra
605 2580 806 2646 inseruntur
827 2582 978 2644 nomina.
1032 2581 1097 2644 Est
1121 2586 1237 2643 autem
1259 2586 1371 2644 terrae

207 2737 213 2746 .
319 2679 416 2743 locus
430 2680 585 2757 celebris,
594 2681 654 2762 qui
664 2679 790 2744 dicitur
802 2680 994 2745 Heanburh
1007 2700 1087 2744 .xx.
1098 2679 1323 2756 manentium,
1334 2687 1371 2745 et

319 2779 355 2841 iu
369 2778 548 2861 prouincia
558 2779 793 2858 Usmerorum,
802 2781 862 2863 qui
876 2781 1074 2845 nominatur
1083 2785 1141 2843 aet
1151 2778 1254 2843 Sture
1265 2826 1273 2842 .
1285 2795 1369 2843 xm.

318 2886 473 2942 cassatos
487 2878 630 2944 babens.
682 2880 719 2944 Si
733 2881 810 2963 quis
824 2887 951 2958 autom,
966 2880 1058 2963 quod
1071 2879 1174 2955 absit,
1187 2898 1233 2941 ex
1246 2897 1371 2960 paren·

320 2978 390 3042 tela
411 2997 489 3042 mea
511 2979 569 3043 uel
590 2985 822 3058 externorum,
844 2980 1008 3044 maliuola
1026 2986 1142 3043 mente
1161 2984 1197 3041 et
1218 2978 1370 3060 maligno

320 3078 445 3159 spiritu
462 3079 661 3160 instigatus,
680 3079 783 3144 buius
797 3080 993 3144 donationis
1012 3086 1152 3143 nostrae
1171 3077 1371 3142 munificen-

321 3175 406 3239 tiam
420 3176 607 3259 infringere
627 3179 749 3243 nititur
763 3188 799 3244 et
818 3181 1001 3258 contraire,
1022 3180 1110 3243 sciat
1125 3178 1214 3241 sein
1230 3176 1285 3241 die
1300 3184 1370 3242 tre-

320 3277 444 3340 mendo
459 3297 575 3341 coram
589 3297 721 3344 summo
736 3281 801 3345 deo
816 3281 985 3345 rationem
1001 3278 1225 3342 redditurum.

377 3379 416 3458 »14
433 3377 510 3458 Ego
522 3377 612 3455 Offa,
627 3399 690 3442 rex
699 3379 943 3457 Mer-censium,
953 3380 1081 3444 donum
1095 3377 1258 3442 etdatum
1271 3375 1371 3440 Ceol·

319 3475 416 3540 srithi
430 3478 565 3541 abbatis
585 3479 828 3544 consentiendo
850 3481 1039 3544 subscribo.
1095 3481 1135 3560 »14
1154 3477 1231 3558 Ego
1246 3476 1372 3540 Milred

321 3577 458 3658 signum
494 3577 605 3641 crucis
643 3579 753 3642 infixi.
825 3583 864 3662 »14
895 3580 971 3662 Ego
1001 3577 1133 3643 Aldred
1170 3577 1369 3658 subscripsi.

326 3679 366 3758 »14
387 3676 463 3758 Ego
493 3677 626 3741 Uhtred
664 3679 868 3760 subregulus
903 3678 1061 3744 consensi
1099 3684 1135 3740 et
1173 3676 1371 3758 subscripsi.

326 3778 366 3857 »14
384 3776 459 3857 Ego
488 3778 656 3857 Eadbald,
680 3778 874 3860 praelectus
899 3787 933 3844 et
962 3780 1122 3863 princeps
1147 3775 1246 3840 Offae
1268 3777 1371 3858 regie,

320 3894 490 3941 consensi.
830 3927 832 3933 ι
